4234 5732
989 411 1347 528 *τι-4

325 639 495 700 neander
521 640 587 698 καὶ
611 633 762 720 φανερά
783 633 882 720 λόγῳ
909 643 1039 698 ποιεῖν
1061 632 1109 694 τά
1135 625 1389 716 ἁμαρτήματα
1416 629 1533 713 δῆλον
1560 632 1619 694 ὅτι
1639 637 1820 714 κρείττων
1846 633 1931 712 ἐστὶΙ

326 751 387 811 καὶ
408 747 659 830 προκέκριται
685 747 758 808 τάν
786 743 1063 808 ἐπαινούντων.
1085 791 1087 796 .
1107 739 1213 813 Quem
1240 741 1342 826 igitur
1364 741 1574 806 damnaverat
1596 739 1759 825 lulianus,
1785 745 1923 810 cundem

327 855 578 938 chrysostomus
600 856 673 940 ipso
697 853 849 919 Homero
869 852 973 919 fuisse
996 853 1268 937 praestantiorem
1295 850 1469 933 iudicavit,
1496 859 1532 914 ut
1559 853 1613 938 qui
1635 861 1836 938 compertum
1867 857 1924 922 ha-

325 967 445 1051 buerit,
462 966 541 1052 plus
554 965 664 1032 valere
685 966 728 1030 ad
746 961 856 1030 mores
871 964 1092 1029 emendandos
1107 985 1277 1029 censuram
1295 959 1479 1049 graviorem
1495 968 1529 1026 et
1541 963 1807 1049 castigationem,
1828 947 1925 1054 qnam

328 1079 441 1144 auditu
463 1078 632 1145 suaviores
646 1097 755 1140 rerum
770 1074 999 1163 hominumque
1014 1074 1232 1141 laudationes.
1269 1073 1326 1140 Ad·
1346 1067 1536 1141 elelandam
1557 1073 1645 1138 hanc
1660 1073 1854 1142 iudiciorum
1876 1079 1925 1142 di-

325 1191 514 1256 versitatum
529 1189 648 1254 tertius
667 1187 850 1252 aeciundus
861 1187 958 1252 testis
975 1189 1032 1268 ‘est
1045 1184 1226 1268 Lucienus,
1249 1186 1345 1250 homo
1361 1185 1390 1250 ri
1406 1183 1479 1271 quis
1502 1185 1585 1250 alius
1608 1186 1641 1250 iu
1665 1185 1729 1251 hac
1742 1209 1779 1252 re
1793 1172 1923 1254 fidedi-

327 1319 423 1386 gnus,
437 1299 621 1387 quitatum,
636 1296 742 1385 qualis
756 1296 829 1380 fuit,
842 1295 1077 1362 Archilochum
1090 1297 1205 1382 paucis
1215 1297 1326 1362 verbis
1337 1297 1609 1384 repraesentavit,
1624 1297 1655 1361 in
1669 1295 1925 1384 Pseudologista

329 1411 379 1476 sic
393 1411 556 1483 allocutus
569 1409 800 1478 Timarchum:
815 1408 850 1474 vd
866 1407 902 1472 δὲ
915 1413 974 1474 τοῦ
982 1407 1160 1493 Ἀρχιλόχου
1178 1409 1275 1473 ε’κεῖνο
1288 1409 1348 1495 ἤδη
1363 1429 1413 1473 σοι
1426 1409 1503 1490 λέγω
1519 1410 1567 1473 ὅτι
1588 1412 1727 1488 savoya
1749 1416 1817 1474 eod
1837 1433 1925 1478 nve-

328 1527 408 1608 ροῦ’
419 1519 655 1607 συνείληφας
660 1566 669 1597 ,
682 1521 709 1606 ¹)
732 1524 817 1605 εἴπερ
831 1519 902 1584 τινὰ
916 1519 1046 1604 ποιητὴν
1059 1518 1181 1602 ἰάμβων
1203 1516 1327 1595 ἀκούεις
1341 1519 1518 1605 Ἀρχίλοχον
1532 1522 1659 1604 Πάριον
1680 1519 1715 1584 τὸ
1735 1523 1832 1600 γένος,
1855 1521 1924 1585 ἀν-

330 1633 402 1718 ἀρα
423 1631 558 1722 κομιιλῇ
578 1629 1076 1717 ἐλεύθερονκαῐπαρρησίᾳ
1098 1631 1267 1694 σονόντα
1288 1630 1405 1716 μηδὲν
1427 1629 1632 1704 ὀκνοῦντα,
1654 1631 1763 1696 εἶκαὶ
1782 1630 1841 1696 ὅτι
1858 1607 1925 1715 μά-

330 1737 439 1808 λιστα
458 1741 641 1827 λντιήσειν
655 1739 789 1825 ἔμελλε
809 1738 892 1815 τούς
906 1723 1124 1824 περιτιετεῒς
1139 1739 1348 1823 ἐσομένους
1363 1747 1404 1834 τῇ
1423 1740 1608 1833 χολῇτοῖν
1623 1718 1771 1825 ἰάμβων
1793 1740 1923 1810 αὐτοῦ.

478 1853 621 1938 Propter
647 1851 829 1918 libertatem
863 1849 953 1917 illam
980 1871 1077 1937 quam
1104 1851 1177 1935 ipsc
1206 1848 1379 1916 confitetur
1400 1852 1453 1917 his
1473 1852 1600 1918 verbis:
1635 1857 1671 1916 ἓν
1697 1851 1730 1915 d’
1759 1851 1947 1936 amararum

328 1969 421 2049 μέγα,
440 1965 506 2028 τὸν
526 1968 626 2039 κακῶς
646 1987 675 2028 τι
696 1962 821 2047 δρῶντα
843 1959 957 2037 δεινοίς
978 1959 1235 2044 ἀνταμείβεσθαι,
1263 1983 1327 2026 uon
1350 1962 1455 2026 solum
1478 1967 1550 2026 οιιοι
1575 1960 1784 2047 Hipponaote
1805 1961 1934 2048 poetis,

206 2107 210 2112 ·
329 2077 384 2162 qui
405 2072 668 2142 vehementiores
696 2073 829 2158 ingenio
857 2073 1070 2157 acrioresque
1097 2081 1235 2155 essent„
1256 2093 1316 2158 pro
1345 2073 1496 2158 exemplo
1525 2071 1644 2156 fuit‚²)
1678 2072 1737 2138 sed
1765 2073 1863 2138 etiam
1891 2073 1926 2138 in

329 2184 535 2250 consciorum
555 2182 761 2269 proverbium
784 2183 916 2266 abiit.³)
954 2180 1050 2249 Hane
1071 2182 1300 2270 iambographi
1321 2182 1464 2250 indolem
1481 2183 1683 2277 comparanti
1699 2204 1771 2248 oum
1793 2182 1926 2268 placida

331 2301 365 2360 et
385 2303 555 2361 mansueta
577 2293 717 2359 Hesiodi
741 2300 849 2360 mente
872 2292 937 2359 01)
958 2301 1039 2367 209:

629 2429 743 2514 ἄφρων
764 2429 798 2494 δ’
819 2432 907 2507 ὅςκ*
929 2429 1034 2496 ἐθέλοι
1054 2430 1133 2516 πρὸς
1152 2436 1332 2517 κρείσσονας
1354 2430 1574 2524 ἀντιφερίζειν,
1650 2416 1661 2464 .'

628 2543 710 2624 νίκης
731 2565 764 2604 τε
785 2545 922 2626 στέρεται
944 2543 1022 2627 πρός
1043 2557 1073 2606 τ’
1095 2547 1232 2625 αἴσχεσιν
1253 2541 1351 2622 ἄλγεα
1372 2544 1499 2624 πάσχεν

329 2720 393 2765 oon
422 2698 595 2762 obscurum
623 2692 707 2774 erit,
736 2693 871 2762 unde
841 2696 903 2761 vrri
924 2717 1003 2761 vere
1030 2677 1147 2762 musici
1174 2695 1303 2761 laudem
1331 2695 1493 2763 invenerit
1513 2695 1681 2762 Hesiodus
1709 2703 1743 2762 et
1765 2696 1807 2760 ob
1830 2717 1927 2783 quam

313 2831 463 2888 ⁸causam
480 2803 701 2872 Archilochus
723 2826 786 2868 non
808 2803 912 2870 solum
934 2807 1109 2892 proverbio
1132 2805 1189 2872 illo
1211 2807 1296 2873 male
1318 2814 1452 2874 notante
1474 2807 1652 2891 mulcetue,
1672 2809 1732 2873 sed
1754 2814 1929 2893 praeterea

262 2985 264 2988 .
330 2919 441 3001 etiam,
461 2939 503 2982 ne
524 2915 606 3008 nihil
628 2903 820 2980 intentatum
842 2917 896 2999 sit,
918 2917 952 3016 in
967 2917 1119 2984 adulterii
1136 2919 1192 2984 et
1183 2918 1336 3004 ignaviae
1351 2903 1611 2986 criminationem
1633 2920 1801 3022 proiectus
1817 2916 1927 2983 luerit.

330 3028 399 3096 Sed
421 3003 595 3094 admodum
618 3048 679 3112 ego
702 3049 835 3111 vereor,
857 3049 915 3107 ne,
933 3009 1009 3115 qua
1028 3029 1105 3118 lege
1127 3028 1262 3114 Aesopo
1291 3029 1440 3130 corporis
1464 3028 1705 3094 deformitatem
1729 3038 1762 3095 et
1784 3026 1929 3094 scurrili

328 3148 431 3206 tatem
457 3146 490 3206 ct
516 3129 780 3203 maledicentiam
807 3136 1025 3224 affinxerunt,
1052 3141 1168 3205 eadem
1195 3140 1270 3226 lege
1299 3112 1502 3204 Archilocho
1530 3131 1659 3206 illarum
1687 3163 1812 3223 rerum,
1845 3161 1927 3226 quas

300 3243 315 3262 “
330 3250 490 3316 Aelianus
514 3257 570 3332 10,
594 3255 633 3322 13
655 3250 831 3314 memoriae
853 3251 1018 3335 prodidit
986 3252 1188 3320 tmaeulas
1211 3251 1414 3336 asperserint
1436 3259 1492 3315 ant
1514 3251 1653 3338 improbi
1675 3251 1927 3318 calumniatores

331 3369 387 3426 aut
415 3360 564 3425 homines
587 3361 664 3423 dira¹
679 3359 873 3425 credulitate
899 3367 1078 3446 tumentes,
1104 3349 1162 3427 aut
1184 3362 1325 3446 denique
1347 3385 1504 3428 censores
1529 3363 1630 3430 nimia
1657 3363 1848 3427 morositate
1869 3383 1926 3426 ιιο-

329 3471 465 3554 tahiles,
499 3469 605 3558 qualis
634 3477 768 3536 exortus
801 3479 853 3536 est
878 3471 1087 3556 Heraclitus,
1119 3473 1174 3560 qui
1201 3472 1381 3540 Homerum
1407 3457 1534 3560 pariter
1564 3482 1661 3559 atque
1689 3471 1926 3538 Archilochum

331 3605 351 3648 a
373 3581 562 3648 certamrms
590 3581 662 3647 loco
689 3579 778 3645 suste
743 3575 961 3649 tarcendos
988 3585 1124 3650 censuit.
1169 3583 1251 3650 Eius
1278 3584 1366 3651 haud
1389 3585 1566 3649 dissimiles
1596 3591 1771 3649 evaseruut
1799 3581 1926 3647 iudices

330 3692 587 3759 Lacedaemonii
612 3675 757 3758 carmina
776 3691 969 3759 Archilochi
993 3717 1011 3760 c
1034 3717 1094 3760 sna
1116 3695 1250 3762 civitate
1272 3695 1437 3761 eiicienda
1457 3696 1534 3779 rati,
1553 3695 1664 3796 ‘quod
1679 3714 1789 3761 eorum
1812 3711 1926 3779 parum

331 3808 547 3873 verecundam
577 3827 616 3868 ιιο
642 3805 794 3890 pudicam
821 3803 994 3871 lectionem
1018 3805 1282 3888 arbitrarentur,
1313 3812 1400 3872 teste
1422 3805 1560 3875 Valerio
1582 3805 1728 3871 Μιιιιίιιιο
1756 3803 1872 3872 Vllc.
1895 3811 1924 3876 3.

331 3915 443 4004 Atque
467 3915 727 4000 intempestivum
749 3915 829 3979 illud
850 3899 1069 3983 verecundiae
1091 3917 1337 4004 pudicitiaeque
1360 3917 1500 3982 studium
1524 3915 1657 3999 effecit,
1682 3924 1717 3980 ut
1738 3907 1926 4002 fragmenta

332 4031 553 4120 tantummodo
569 4024 763 4092 Archilochi
781 4026 823 4090 ad
843 4047 903 4090 nos
923 4029 1132 4113 pervenerint
1147 4028 1380 4094 diversissimis
1392 4017 1596 4114 'scriptorum
1617 4027 1765 4093 consiliis
1786 4033 1924 4093 servata.

485 4261 512 4328 l)
530 4259 592 4350 lpse
611 4263 742 4336 explicat:
764 4268 871 4356 εἰκάζων
890 4236 982 4322 lauria
1004 4267 1040 4338 τῷ
1055 4269 1145 4338 τέττιγι
1167 4265 1181 4318 ὁ
1200 4267 1355 4342 Ἀρχίλοχος,
1381 4264 1454 4334 φύσει
1473 4267 1526 4340 μέν
1547 4268 1616 4337 tata
1634 4266 1687 4320 ὄντι
1708 4257 1753 4320 καί
1775 4266 1835 4318 ἄνευ
1856 4262 1924 4320 τινὸς

334 4347 461 4420 ἀνάγκης,
479 4343 578 4399 ὁπόταν
595 4347 621 4400 ds
639 4349 684 4402 rol
701 4349 745 4401 rori
761 4367 852 4423 πτεροο
856 4345 964 4424 ληφθῇ,
982 4353 1156 4424 γεγωνότερον
1171 4351 1275 4418 βοῶντι.

482 4466 511 4531 2)
530 4459 606 4516 Sext.
623 4461 700 4536 limp.
718 4483 741 4521 e.
759 4461 795 4522 Μ
808 4471 832 4522 l.
848 4485 875 4539 p
886 4471 950 4524 282.
969 4489 994 4520 οι
985 4469 1040 4522 ‘ds
1058 4467 1158 4543 ὀργίλοι
1173 4455 1334 4522 ‘renovem
1351 4472 1396 4524 καί
1412 4471 1557 4544 Ἀρχίλοχον
1573 4470 1694 4535 dirimas
1709 4471 1790 4539 ἔχονσι
1807 4461 1850 4534 τῆς
1866 4469 1924 4543 περι
1978 4474 1983 4483 “

334 4545 427 4604 amris
442 4553 544 4606 κακίας

483 4669 512 4735 3)
529 4665 649 4722 Hastam.
665 4668 689 4722 l.
705 4669 746 4724 111
768 4689 795 4742 p.
814 4675 892 4726 raet:
913 4667 947 4746 ην
963 4670 1016 4745 γάρ
1039 4671 1208 4774 [Ἀρχίλοχος]
1232 4671 1330 4748 ἀάνῆρ
1347 4670 1429 4728 δεινὸς
1445 4669 1563 4746 ὑβρίζειν.
1586 4671 1649 4725 ὅθεν
1668 4671 1714 4722 καί
1730 4675 1859 4746 ιιάροιμία
1880 4671 1923 4722 lai

335 4749 462 4805 τάνοίίτω
474 4753 724 4823 σκιίιιτιινιάφνιιῖν·
740 4753 794 4808 τὸν
810 4745 1211 4833 Ἀρχίλοχονιιετιιίτηκας,
1229 4753 1922 4832 ιιλειιτιςείιιοισκάριιιονῆκακῆνάκανθαν
