4234 5732
1005 451 1058 550 s-
1104 498 1173 574 ‘17
1235 537 1286 562 .--
1406 481 1425 504 ⁹

338 696 422 740 oum
450 674 618 760 regibus
641 694 763 759 cogere
785 669 835 752 ιδς
855 677 991 761 ἥκιστα
1010 677 1032 760 ἢ
1052 671 1100 751 ἀς
1119 673 1267 760 ἥδιστα.
1295 673 1347 740 cui
1369 681 1438 740 tum
1460 671 1579 758 Solon,
1611 681 1653 739 ut
1673 676 1735 745 vir
1763 678 1946 763 sapiens,

341 785 466 849 auctori
495 791 564 849 tum
592 785 676 849 scito
703 785 917 870 respondisse
944 781 1064 850 fertur:
1101 786 1338 850 versandum
1371 785 1510 870 utique
1546 805 1634 852 esso
1656 808 1746 852 cum
1777 789 1943 874 regibus

335 889 385 972 ύς
403 896 548 980 Ιἥκιστα
564 897 594 982 ’ἢ
619 892 668 971 ἀς
694 895 882 980 ἀρισταῑ)
914 915 977 982 quo
1005 901 1185 980 praecepto
1207 917 1254 962 ac
1274 917 1452 982 responso,
1484 894 1662 982 a‘regibus
1689 896 1873 962 sicennam
1902 901 1945 964 ad

341 1027 543 1072 communem
564 1006 653 1075 vitae
685 1027 778 1072 nsum
802 1013 836 1070 et
848 1006 1125 1071 consuetudinem
1147 1006 1366 1087 transtuleris,
1386 1005 1570 1072 luculenter
1590 1012 1745 1090 appuret3
1758 1007 1798 1070 iu
1820 1028 1887 1094 qua
1906 1030 1944 1073 re

341 1137 439 1182 nuum
468 1124 502 1182 et
523 1116 751 1202 gravissimum
778 1115 883 1183 ononis
903 1114 1074 1201 ἠθοποιίας
1094 1122 1292 1182 momentum
1319 1116 1460 1201 positum
1484 1117 1537 1182 sit.
1582 1111 1685 1180 Soloe
1715 1117 1801 1182 enim
1822 1117 1943 1205 ubique

343 1226 633 1313 obtemperandum
666 1233 758 1292 recto
785 1226 936 1292 veritatis
968 1226 1095 1314 studio,
1126 1247 1191 1291 non
1224 1223 1314 1292 facto
1342 1248 1450 1292 rerum
1483 1226 1714 1312 hominumque
1743 1229 1944 1312 discrimine,

340 1336 495 1424 Aesopus
516 1360 594 1404 vero
617 1335 689 1402 cum
711 1336 847 1422 regibus
860 1337 1001 1426 ¹quidem
1025 1359 1120 1423 quem
1142 1335 1353 1419 suavissime,
1375 1357 1449 1402 cum
1469 1336 1607 1424 reliquis
1629 1344 1736 1402 autern
1758 1337 1945 1408 homiuibus

342 1449 530 1534 promiscue
553 1450 715 1534 egendum
739 1446 876 1516 consuit.
900 1467 975 1512 uam
997 1455 1068 1514 erat
1090 1448 1178 1513 idern
1201 1446 1243 1512 ob
1265 1445 1393 1534 insigne
1411 1448 1573 1534 quoddam
1595 1447 1725 1535 ingenii
1743 1467 1880 1515 acumen
1904 1453 1946 1517 ad

340 1559 647 1644 reprehendendum
671 1558 949 1643 deridendumque
971 1557 1138 1644 proclivis,
1159 1556 1248 1622 undo
1268 1559 1357 1642 opud
1379 1543 1592 1624 Plutarchum
1616 1557 1734 1643 [Gonu.
1751 1558 1944 1645 S.7]·s'isy-

340 1669 442 1744 κτικδς-
461 1677 613 1752 vocetur,
641 1670 694 1736 cui
717 1669 825 1734 studio
847 1668 1028 1736 scitissime
1054 1668 1265 1754 apologorum
1291 1675 1484 1756 argumenta
1509 1670 1678 1736 debentur,
1714 1670 1941 1738 derisorem

250 1861 254 1872 δ
342 1776 639 1847 celebratissimum
661 1779 908 1845 illmlAiooiuoc
928 1777 1051 1859 γελοίαν
1071 1779 1224 1861 testetur,
1245 1780 1331 1866 quod
1352 1779 1475 1866 passim
1492 1781 1658 1851 detonsum
1681 1787 1733 1847 est
1752 1781 1796 1857 τίς
1817 1781 1852 1846 τδ
1867 1804 1944 1846 παι-

341 1888 511 1976 capanna,
538 1891 625 1956 uude
648 1898 703 1957 aut
729 1879 954 1975 imperiti'aut
974 1889 1109 1976 maligui
1136 1889 1368 1956 scurrilitatem
1391 1890 1423 1955 ei
1449 1888 1663 1973 effinxerunt,
1689 1879 1807 1979 quibus
1833 1898 1943 1958 tamen

337 2021 406 2076 ,uon
427 2001 688 2068 annumerandus
712 2005 764 2066 est
783 1997 954 2066 latroianus
979 2001 1075 2066 huius
1103 2000 1235 2088 generis
1257 2001 1359 2066 iudex
1381 2001 1627 2088 argutissimus,
1647 2003 1703 2090 qui
1725 2000 1767 2068 V.
1782 2000 1826 2068 Η.
1841 2010 1879 2086 2,
1903 2007 1944 2076 18

340 2109 514 2196 Aristippo
540 2119 573 2178 et
593 2111 738 2197 Epicuro
761 2107 930 2196 Aesopum
953 2113 1105 2179 adiunxit
1122 2113 1238 2180 'risus
1266 2119 1485 2178 auctorem:
1508 2115 1607 2202 τούτῳ
1630 2112 1666 2176 δὲ
1689 2112 1824 2178 ‹toa-mo
1847 2113 1944 2195 γελω-

340 2225 460 2287 ιοποιω
480 2227 625 2308 χρῶνται.
650 2226 703 2286 est
730 2220 775 2286 ibi
798 2221 884 2286 enim
907 2223 951 2288 ml
976 2229 1090 2308 portes
1112 2224 1207 2306 cius,
1227 2223 1283 2312 qui
1304 2225 1434 2289 ‘amere
1457 2223 1547 2289 lento
1569 2230 1730 2308 temperet
1755 2222 1852 2307 risu'‚
1878 2245 1943 2310 quo

343 2353 442 2398 seusu
468 2335 504 2398 ui
529 2334 682 2398 Αἰσύπου
709 2330 833 2412 γελοῖον
864 2332 985 2419 ubique
1018 2334 1247 2419 pensitandnm
1277 2342 1337 2401 est.
1393 2333 1548 2400 (laterum
1581 2334 1665 2398 bene
1691 2325 1852 2398 cordatus
1883 2332 1942 2400 illa

343 2439 424 2524 fuit,
434 2442 464 2527 2)
493 2443 552 2511 sed
574 2464 635 2528 pro
656 2441 746 2509 vitae
768 2449 855 2508 stetu
878 2466 958 2510 suae
981 2452 1097 2512 cautus
1119 2447 1207 2512 idem
1229 2467 1268 2512 oc
1290 2446 1462 2530 providus,
1489 2444 1545 2532 qui
1567 2450 1738 2530 praestare
1760 2443 1942 2533 intellexis·
1990 2505 1992 2514 .

344 2559 398 2618 set
419 2553 569 2640 apologis
592 2559 626 2618 et
646 2550 756 2618 facete
772 2552 953 2619 deridendo
969 2555 1023 2623 vel
1045 2559 1220 2622 emendare
1242 2555 1461 2643 improborum
1483 2578 1592 2622 mores
1612 2555 1667 2621 vel
1687 2527 1944 2639 reprehendere,

342 2662 610 2751 quemr‘fortiter
624 2663 813 2731 irascendo’
836 2686 876 2729 ao
898 2663 1023 2732 frustra
1044 2666 1244 2734 offendendo
1266 2668 1443 2761 incurrere
1456 2668 1490 2733 in
1512 2665 1861 2752 odium-iuvidiamque
1885 2666 1945 2730 nd·

265 2789 269 2794 ·
333 2776 572 2842 'verset-iorum.
585 2777 614 2858 ³)
658 2772 756 2840 Haec
782 2775 889 2841 animo
918 2777 1109 2863 complexus
1135 2778 1305 2864 Aesopum
1332 2777 1486 2864 hpbebis,
1519 2772 1823 2867 qualem'ertifices
1851 2773 1975 2842 ellim,

344 2894 468 2961 xerunt
493 2887 581 2972 apud
601 2883 837 2952 Philostratum
859 2885 963 2974 imag.
978 2896 1014 2961 3:
1037 2889 1187 2976 ’φοναῖσιν
1208 2888 1240 2954 oi
1260 2889 1485 2976 Μῦθοιπαρά
1509 2887 1565 2954 τδν
1590 2891 1742 2978 Αἴσωπον
1762 2883 1946 2966 ἀγαπῶντες

346 2995 463 3078 αὐτόν,Ι
478 2997 526 3062 ὅτι
546 2993 653 3066 airas
674 2995 871 3080 ἐπιμελεῖται.
898 2997 1022 3085 ἀμέλησε
1041 3005 1100 3084 μὲν
1128 3000 1188 3086 γάρ
1216 3005 1269 3064 καὶ
1282 2996 1403 3089 Ὁμήρῳ
1422 3001 1532 3084 μύθου
1553 3005 1605 3064 καὶ
1620 2997 1754 3085 Ἡσιόδῳ
1780 3001 1832 3060 καὶ
1844 2996 1956 3082 Ἅρμ’

345 3106 427 3196 λόγῳ
448 3109 526 3194 πρὸς
546 3108 738 3192 Λυκάμβην,
771 3105 845 3174 ἀλλ’
866 3109 1004 3198 Αίσοίπφ
1032 3113 1139 3178 πάντα
1165 3111 1205 3176 τά
1233 3116 1295 3176 τῶν
1321 3109 1502 3196 ἀνθρώπων
1528 3111 1745 3193 ἕκμεμύθωται
1770 3113 1823 3170 καὶ
1849 3107 1944 3187 λόγου

347 3220 448 3284 ἕνεκα.
477 3219 661 3296 πλεονεξίαν
695 3241 728 3283 τε
753 3215 813 3303 γάρ
842 3219 1001 3284 ἐπικύπτει
1026 3224 1080 3284 καὶ
1105 3221 1195 3307 ὕβριν
1222 3221 1346 3286 ἐλαύνει
1371 3224 1424 3284 καὶ
1444 3217 1570 3306 ἀπάτην
1595 3223 1647 3284 καὶ
1673 3223 1774 3282 ταῦτα
1794 3217 1874 3282 λέων
1900 3241 1945 3293 τις

349 3326 439 3416 αὐτῷ
460 3324 665 3411 ὑποκρίνεται
679 3332 734 3392 καὶ
753 3327 881 3414 ἀλώπηξ
901 3333 954 3394 καὶ
975 3314 1070 3406 ἵππος
1091 3330 1128 3418 νη“
1149 3337 1225 3408 Δία,
1246 3337 1298 3398 καὶ
1319 3327 1396 3398 οὐδὲ
1416 3326 1435 3418 ἦ
1455 3331 1572 3416 χιλάνη
1593 3329 1731 3414 ἄφωνος.
1745 3325 1817 3414 ἀφ’
1837 3323 1883 3393 civ
1902 3328 1944 3391 τά

350 3437 466 3502 παιδία
487 3441 630 3522 μαθηταὶ
649 3441 791 3519 γίνονται
810 3443 878 3505 ’τάν
900 3443 958 3506 τού
977 3443 1049 3524 βίου
1070 3445 1270 3527 πραγμάτων.
1300 3441 1536 3524 εὐδοκιμοῦντες
1557 3439 1616 3506 οὖν
1637 3437 1668 3504 oi
1687 3442 1788 3522 μῦθοι
1814 3421 1870 3502 διά
1890 3437 1945 3501 τδίι

340 3549 506 3614 ,Αἴσωπον
527 3553 676 3632 φοιιιιίτιν
697 3549 749 3614 ἐπὶ
773 3549 830 3626 τάς
850 3553 955 3635 θύρας
982 3558 1041 3618 τού
1060 3557 1165 3638 σοφοῦ
1184 3557 1318 3627 ταινίαις
1344 3549 1442 3616 αάτδν
1469 3549 1680 3635 ἀναδήσοντες
1695 3553 1758 3612 ,καὶ
1784 3549 1945 3634 στεφανω-

328 3674 457 3734 ῃσοντις
481 3654 581 3722 αύτδν
598 3659 725 3724 θαλλοῦ
745 3663 898 3749 στεφάνῳ.
920 3659 938 3728 ὁ
963 3661 1004 3726 δὲ
1029 3666 1136 3746 οἶμαί
1157 3684 1245 3729 τινα
1266 3661 1424 3748 ὑφαίνει
1443 3665 1581 3746 μῦθον.
1606 3659 1647 3724 τδ
1661 3651 1733 3743 γάρ
1747 3657 1945 3744 μειδίαμα

351 3772 423 3830 τοῦ
437 3769 643 3853 προσώπου
663 3775 727 3834 καὶ
748 3767 785 3834 oi
806 3767 1007 3856 ὀφθαλμοὶ
1032 3775 1128 3839 κατά
1149 3779 1211 3860 τῆς
1234 3778 1300 3860 γῆς
1320 3772 1479 3848 ἑστῶτες
1505 3776 1618 3836 τοῦτο
1641 3763 1832 3854 δηλοῦσιν.
1858 3769 1945 3835 οἶδεν

353 3874 373 3942 δ
400 3874 577 3964 ζωγράφος,
612 3877 660 3942 ὅτι
681 3880 715 3945 αἱ
743 3884 806 3944 τάν
825 3883 940 3965 μύθων
965 3883 1130 3966 φροντίδες
1156 3881 1316 3970 ἀνειμένης
1341 3888 1393 3969 τῆς
1418 3888 1521 3975 ψυχῆς
1547 3881 1680 3947 δέονται.
1721 3879 1837 3966 σοφίζει
1864 3882 1900 3945 δὲ
1925 3876 1946 3965 ἦ

352 3986 458 4071 γραφη)
478 3993 529 4082 καὶ
556 3988 595 4052 τά
616 3991 679 4052 τῶν
704 3995 818 4074 μύθων
844 3992 982 4076 στύματα.
1007 3995 1104 4079 θηρία
1124 3996 1185 4079 γάρ
1211 3993 1433 4078 συμβάλλουσα
1458 3991 1641 4078 ἀνθρώποις
1661 3995 1826 4078 περιίστησι
1848 3990 1944 4076 χυρδν

354 4099 399 4186 τῷ
415 4094 554 4186 Αίσιίπφ
576 4097 642 4164 ἀπδ
663 4105 716 4186 τῆς
738 4101 856 4168 ἐκείνου
877 4107 986 4188 σκηνῆς
1006 4091 1226 4186 συμπλάσασα.
1248 4103 1444 4188 κορυφαία
1465 4099 1507 4164 δὲ
1528 4105 1595 4168 τού
1613 4105 1731 4185 poponi
1750 4100 1769 4188 ἢ
1791 4099 1944 4185 ἀλώπηξ

440 4403 442 4408 .
504 4351 532 4416 l)
551 4349 684 4408 Plutarch·
701 4352 758 4406 Sol.
772 4354 814 4408 28.

503 4487 532 4554 2)
550 4486 604 4540 via
621 4487 663 4542 ed.
682 4489 767 4544 Wost.
785 4507 812 4560 p.
828 4493 876 4545 58:
898 4493 1001 4567 σφόδρα
1017 4493 1122 4566 ulyssi:
1137 4495 1275 4566 γενόμενος
1292 4499 1346 4550 τοῖς
1363 4494 1474 4567 τρόποις.
1498 4493 1542 4559 qui
1559 4509 1585 4562 p.
1602 4497 1619 4548 7
1637 4492 1777 4563 pullinos
1798 4492 1842 4543 καὶ
1859 4491 1945 4548 διινδν

299 4644 303 4654 ¹
356 4567 423 4642 πρὸς
439 4575 601 4646 κακουργίαν
617 4572 765 4642 voluerunt,
781 4573 929 4630 derisorem
947 4593 997 4650 pro
1015 4577 1121 4632 homine
1139 4578 1242 4632 nefario
1261 4579 1417 4632 habueruut.

504 4706 533 4772 3)
550 4707 581 4760 ln
599 4724 650 4778 qua
668 4723 697 4762 ro
715 4721 902 4764 excusatorem
920 4719 1014 4766 neotus
1032 4723 1074 4766 ost
1091 4715 1217 4768 lulianum
1236 4715 1294 4781 (οτ.
1312 4713 1395 4780 l':ll)
1414 4705 1437 4785 pi
1452 4711 1506 4788 γὰρ
1523 4734 1538 4765 ο
1530 4713 1635 4786 ’νόμος
1652 4712 1682 4764 ιδ
1696 4710 1831 4782 μετεδίδου
1846 4729 1944 4786 παρρη-

358 4791 424 4852 σίας,
441 4791 520 4862 τούτῳ
536 4795 664 4867 προςῆκον
680 4787 711 4860 ην
727 4793 773 4852 τὰς
789 4795 919 4878 συμβολὰς
935 4815 980 4850 και
970 4798 1193 4870 ίπεποικιλμένας
1209 4799 1289 4873 ἧδονη
1304 4799 1349 4852 και
1361 4799 1449 4873 γιὲριιι
1466 4801 1633 4874 παραφέρων.

1605 4897 1666 4965 3
