4234 5732
714 1685 814 1794 nn
846 1594 1097 1794 1111111
1129 1682 1598 1796 1111111111

1010 1961 1295 1972 m

359 2167 451 2298 Ad
472 2231 629 2298 Rubrium
651 2233 931 2318 cognoscendum,
964 2253 1061 2322 qnam
1081 2232 1191 2298 ‘unum
1212 2234 1255 2300 tle
1277 2232 1453 2320 postremis
1480 2233 1587 2303 11111
1608 2240 1707 2298 notae
1729 2229 1956 2316 scriptoribns’

358 2359 445 2416 esse
461 2343 633 2410 Bentleius
660 2343 805 2425 censuit,
836 2365 910 2409 enm
941 2343 1144 2430 paucissima
1171 2366 1278 2432 eaque
1310 2343 1439 2410 ineerta
1466 2349 1500 2410 et
1527 2342 1681 2429 ambigua
1707 2341 1846 2408 aliorum
1879 2363 1957 2406 oon·
1985 2425 1987 2428 Α

358 2455 469 2524 forant
489 2453 693 2537 testimonia,
724 2475 811 2520 nuno
831 2455 962 2542 quidem
990 2454 1024 2520 in
1049 2456 1093 2520 iis
1114 2455 1321 2541 potissimum
1342 2455 1443 2521 rebus
1464 2452 1741 2541 acquiescendum
1769 2459 1837 2534 cst,
1869 2474 1956 2542 qnae
1986 2499 1988 2526 1

356 2565 500 2654 vulgatis
521 2564 628 2651 ipsius
641 2564 757 2631 Babrii
779 2565 910 2630 nomine
931 2565 1066 2651 scriptis
1088 2565 1339 2633 contineantur.'
1356 2563 1473 2654 Neque
1493 2563 1579 2634 vero'
1596 2565 1792 2650 scriptorum
1814 2562 1957 2630 omnium
1987 2583 1989 2628 1

357 2677 487 2744 illorum
512 2697 579 2742 nna
602 2673 655 2740 vel
686 2674 829 2762 simplex
855 2674 939 2744 11111
966 2683 1028 2742 111.
1070 2697 1135 2746 non
1161 2658 1454 2768 superstitesenim
1481 2677 1570 2741 iusto
1597 2697 1698 2762 opere
1727 2682 1762 2741 ct
1788 2672 1958 2760 incognito
1988 2663 1989 2670 ³

357 2786 504 2854 auctoris
525 2784 662 2854 oonsilio
685 2785 847 2854 celebrari
869 2787 1063 2874 laudarique
1077 2796 1257 2875 coeperant
1276 2787 1470 2870 mythiambi
1492 2788 1574 2871 sive,
1594 2788 1683 2875 quod
1705 2786 1869 2854 usuvenit
1890 2783 1959 2852 fre-

357 2897 527 2986 quentina,
552 2894 729 2964 oholiambi
749 2897 910 2966 Bebriani
932 2900 1148 2988 undecunque
1169 2900 1290 2986 partim
1312 2898 1488 2988 conquisiti
1510 2898 1630 2984 partim
1652 2895 1759 2964 relicti
1780 2895 1958 2964 ueletiam

358 3005 499 3076 conficti.
541 3006 673 3074 Etenim
693 3030 736 3074 ne
758 3008 966 3098 confingendi
987 3010 1129 3096 quidem,
1142 3012 1312 3102 negotium
1332 3009 1486 3096 cessavit,
1507 3016 1681 3096 postquam
1702 3006 1853 3074 Thomas
1871 3005 1982 3088 ‘lym'

357 3117 507 3200 11111111,
540 3141 606 3207 qua
634 3125 705 3184 erat
725 3121 877 3216 (lontrina
903 3127 938 3186 et
959 3121 1178 3208 investigandi
1202 3122 1354 3205 solertia,
1386 3120 1502 3186 Babrii
1531 3109 1735 3186 oholiambos
1761 3141 1805 3184 ex
1825 3118 1956 3204 Aesopi

279 3315 282 3324 1
356 3227 482 3295 fabulis
502 3227 619 3316 retingi
641 3251 740 3316 possa
763 3232 926 3300 ostenditi
948 3250 950 3254 ·
969 3230 1031 3298 Est
1053 3240 1162 3299 antem
1183 3233 1280 3299 metri
1303 3233 1377 3298 eius
1397 3255 1446 3303 aa,
1460 3239 1594 3313 natura,
1618 3238 1672 3328 ut,
1700 3230 1789 3294 istud
1811 3230 1841 3294 si
1863 3250 1956 3316 agas,

357 3340 440 3408 satis
461 3338 581 3406 multas
603 3341 650 3407 sis
672 3344 759 3427 apud
781 3342 886 3407 omnis
907 3344 1040 3429 generis
1061 3344 1242 3429 scriptores
1265 3342 1457 3436 inventurus
1476 3343 1674 3425 sententias,
1706 3363 1791 3428 quae
1814 3340 1957 3427 aliquam

357 3449 524 3516 imitantes
546 3451 759 3540 apologorum
780 3453 944 3538 speciem,
972 3454 1116 3520 admissa
1138 3455 1331 3540 praesertim
1351 3454 1405 3520 vel
1426 3453 1596 3519 lenissima
1616 3475 1745 3541 quaque
1766 3451 1957 3532 mutatione,

357 3557 459 3627 facile
481 3563 665 3628 concedant
686 3566 720 3630 in
747 3563 855 3650 legem
877 3563 1146 3632 oholiambornm.
1189 3563 1278 3630 Hinc
1300 3572 1367 3647 est,
1393 3565 1481 3654 qnod
1502 3571 1579 3630 ante
1600 3571 1747 3632 nostram
1767 3561 1958 3628 memoriam

357 3669 491 3738 fabulae
506 3671 694 3741 Bebrianae
715 3675 891 3741 maximam
912 3683 1040 3760 partem
1060 3675 1317 3764 fragmentorum
1338 3674 1433 3742 titulo
1453 3675 1633 3742 venierunt.
1669 3673 1807 3761 Aliquot
1828 3673 1959 3740 demum

359 3780 481 3848 abhinc
501 3785 597 3850 annis
609 3781 696 3850 Fors
708 3786 856 3868 Rortnna
876 3787 924 3852 ita
945 3787 1042 3852 nohis
1064 3785 1246 3854 consultum
1267 3785 1381 3868 volrait,
1402 3793 1437 3850 ut
1458 3786 1531 3872 ipsa
1553 3794 1669 3852 auctor
1690 3784 1769 3873 quial
1790 3783 1856 3850 sihi
1878 3806 1956 3850 con-

358 3891 426 3958 silii
449 3893 482 3958 in
504 3895 773 3978 mythiamborum
795 3919 918 3984 genere
933 3899 1103 3967 condendo
1118 3896 1337 3986 proposuerit,
1358 3897 1487 3982 plenius
1509 3897 1697 3982 certiusque
1719 3901 1777 3960 111
1798 3893 1955 3982 cognosci

359 4010 417 4068 aut
439 4004 629 4071 coniectura
651 4003 740 4072 effici
761 4009 888 4076 liceret.
933 4008 1016 4076 Ram
1039 4010 1156 4095 paucis
1179 4009 1354 4077 absolvam.

509 4113 597 4182 Ante
632 4119 838 4206 septennium
874 4117 947 4192 ,fere
982 4118 1133 4186 Abalus
1168 4117 1391 4190 Villamain
1423 4119 1576 4205 publicae
1611 4120 1645 4182 in
1682 4116 1793 4184 Gallia
1827 4115 1956 4180 institu-

358 4223 442 4288 tioni
482 4225 673 4310 praefectus
714 4225 928 4296 Menoiden
967 4228 1112 4317 lllenan
1153 4231 1316 4298 hominem
1356 4252 1479 4317 genere
1516 4231 1680 4296 Graecum
1720 4229 1956 4310 literarumque

358 4332 448 4428 1111111
480 4335 693 4406 mediocriter
724 4361 859 4426 gnarum
890 4343 924 4408 in
957 4341 1133 4410 Graeciam
1158 4341 1295 4407 miserat
1324 4340 1476 4408 ‘codices
1513 4362 1611 4406 manu
1643 4341 1785 4424 scriptos
1823 4334 1957 4402 investi·

359 4451 511 4530 genarum
532 4446 726 4534 antiquitate
748 4451 897 4537 insignes
918 4459 952 4520 et
973 4454 1181 4540 integritate,
1202 4453 1345 4518 ineditos
1366 4451 1577 4539 praesertim,
1598 4473 1681 4540 quos
1702 4467 1817 4514 nomen
1844 4452 1957 4513 ancto-

359 4553 407 4620 ris
440 4560 683 4626 commendaret
713 4570 770 4628 ant
803 4570 896 4628 aetas
928 4572 985 4630 aut
1016 4570 1242 4652 argumentum
1250 4564 1269 4632 ’.
1323 4561 1360 4630 Is
1393 4585 1472 4650 ergo
1510 4563 1545 4630 in
1576 4561 1779 4630 bibliotheca
1810 4555 1955 4624 Sanctae

360 4660 494 4731 Laurea
525 4670 646 4735 montis
672 4669 762 4737 Atho
795 4673 943 4742 codicem
974 4675 1098 4741 invenit
1129 4695 1194 4738 non
1221 4671 1325 4740 solnm
1352 4673 1509 4760 temporis
1541 4673 1662 4740 iniuria
1689 4671 1749 4736 sed
1776 4669 1875 4737 etiam
1908 4670 1956 4730 in-

361 4776 453 4840 ouria
475 4775 639 4848 hominnm
667 4803 689 4848 a
710 4792 889 4870 conspeetu
915 4805 1022 4870 paene
1044 4783 1308 4867 oblitescantem,
1338 4787 1394 4874 qui
1415 4793 1550 4872 praeter
1569 4784 1637 4848 alia
1657 4781 1783 4868 scripta
1803 4775 1959 4845 nonnulla

1617 4903 1633 4966 l
