4234 5732
1211 491 1213 496 ¹
1342 493 1344 502 ι

947 495 1100 568 suuis
1176 529 1226 546 —

1205 555 1209 566 b

285 681 394 742 sutem
414 673 531 736 ιιιστα
550 673 745 755 argumente
765 667 833 752 illa,
856 690 940 757 quae
963 657 1149 738 iudicantur
1165 671 1281 748 :verbis
1300 673 1423 756 μάθοις
1440 671 1475 737 δ’
1490 677 1533 739 ἄν
1553 677 1637 741 uduo
1657 681 1747 744 ταῦτ’
1761 677 1889 771 ἔχοντα,

286 785 405 874 quibus
426 779 536 846 verbis
562 800 627 845 non
655 777 760 844 scium
787 778 943 868 loquendi
970 781 1030 847 ille
1054 787 1205 867 potestas
1230 782 1337 848 brutis
1365 804 1494 872 quoque
1520 792 1554 851 et
1579 786 1656 856 aliis
1682 789 1886 858 rebus—com

202 869 206 894 ί
286 916 384 964 cessa
403 889 589 973 involvitur,
613 888 798 956 sedetiam
820 891 926 957 omnis
948 891 1114 978 sapientia
1135 914 1176 958 ac
1198 891 1304 959 ciuilis
1326 893 1513 978 prudentia,
1535 918 1618 984 quoe
1639 905 1713 966 arte
1736 899 1794 967 illa
1814 901 1885 970 sive

286 1003 426 1072 noteris
445 1000 588 1078 fabulari
616 1001 802 1086 exponitur.
845 998 1115 1089 coctusquam
1136 1005 1180 1068 dr
1205 1002 1239 1068 in
1261 1002 1296 1067 ἐν
1315 1002 1582 1072 transformatum
1608 1009 1763 1098 coniungi
1786 1011 1886 1080 debet

220 1181 222 1190 ⁴
286 1139 361 1185 cum
377 1116 482 1200 ,uqa
515 1117 551 1177 ut
572 1111 617 1176 sit
638 1111 769 1196 ιιθιιης.
811 1111 887 1180 Hoc
913 1120 1023 1204 antem
1045 1113 1187 1178 ινθιιναι
1213 1138 1243 1178 τι
1267 1115 1369 1206 μνήμῃ
1389 1114 1469 1203 quid
1495 1116 1557 1199 sit,
1591 1118 1711 1186 dooere
1737 1129 1885 1207 possunt,

286 1227 398 1317 qualia
419 1230 494 1292 sunt
513 1221 670 1288 ἐνθέσθαι
690 1223 786 1311 θυμῷ
809 1245 869 1288 ιιι
888 1228 994 1310 φρενί,
1026 1229 1215 1311 comparato
1243 1245 1320 1306 usu,
1351 1225 1407 1312 qui
1435 1233 1486 1292 est
1513 1229 1602 1312 apud
1628 1227 1887 1318 Aristophanem

286 1337 349 1425 Eq·
359 1339 441 1410 ⁷17:
462 1337 507 1422 τῷ
524 1337 584 1417 μιν
603 1329 711 1412 ὀλίγον
731 1331 874 1410 ἐνειθιτς.
893 1397 895 1402 ,
916 1333 970 1398 Ex
992 1334 1045 1400 his
1065 1333 1294 1421 similibusque
1317 1332 1490 1403 effeceris:
1516 1358 1598 1403 rem
1626 1340 1823 1409 inducere
1846 1343 1884 1410 iu

287 1445 515 1517 memoriam
537 1443 623 1510 sive
644 1443 861 1510 momoriae
882 1444 1110 1529 subiicere,
1130 1445 1180 1510 rei
1203 1445 1393 1510 memoriam
1416 1447 1573 1515 excitare.
1618 1448 1690 1516 lam
1713 1451 1755 1517 de
1779 1459 1883 1519 metro

287 1558 450 1626 dubitanti
471 1552 680 1622 satisfecisse
707 1553 771 1618 sibi
789 1554 1093 1640 videbatureditor
1112 1555 1285 1620 Parisinus
1307 1553 1417 1620 edatis
1439 1556 1564 1646 aliquot
1585 1561 1765 1648 exemplis,
1795 1562 1885 1630 velut

288 1670 379 1752 Μ,
393 1672 416 1740 7
429 1671 574 1734 τοιοῦτον
588 1700 618 1728 ι.
629 1704 702 1736 -μ,
729 1670 784 1760 97,
795 1673 819 1736 2
832 1669 1053 1768 προςποιηθιις
1064 1713 1093 1724 ι..
1104 1705 1128 1730 c
1138 1713 1210 1734 --.
1236 1671 1308 1748 103,
1324 1673 1344 1738 ὅ
1359 1670 1551 1755 πριςπιιητά
1571 1717 1598 1728 -.
1608 1713 1632 1734 c
1642 1719 1669 1728 -
1679 1714 1714 1742 o.
1747 1672 1886 1766 Poterat

288 1777 537 1849 idomfucilem
564 1774 661 1841 huius
678 1773 844 1841 .lioentise
869 1776 1117 1844 excusationem
1142 1777 1300 1847 adiicere.
1343 1775 1473 1842 Etenim
1495 1779 1772 1869 diphthongorum
1799 1808 1831 1849 ιι
1851 1792 1886 1852 ιι

289 1919 317 1958 ει
337 1913 415 1977 pars
442 1887 608 1977 posterior
635 1884 781 1952 eiusdem
802 1885 896 1952 vocis
915 1885 1023 1953 vocali
1050 1887 1186 1972 praevia
1214 1910 1323 1976 capax
1345 1895 1397 1954 est
1417 1887 1682 1976 proclinationis,
1714 1917 1779 1982 qua
1799 1895 1885 1962 mitti

289 2009 400 2094 potest
421 1998 520 2076 etiam
543 2020 617 2064 cum
638 2002 797 2082 sequente
819 2000 866 2062 ita
888 2005 934 2081 ut,
955 2005 1059 2064 metro
1074 1997 1271 2091 postulante,
1291 1997 1414 2084 ὲιθιιης
1429 1998 1610 2086 quantitate
1631 2004 1725 2087 nibil,
1744 2027 1886 2091 pronun-

290 2111 434 2180 oiationo
455 2131 521 2176 uon
542 2107 677 2174 multum
699 2105 835 2175 differat
857 2109 899 2175 ab
914 2108 1032 2196 ἔνθιης,
1053 2112 1128 2196 ipso
1150 2133 1163 2174 ι
1183 2109 1541 2196 praesonautsliterae
1562 2116 1724 2199 sequenti.
1759 2093 1886 2183 Eadem

290 2223 365 2310 lege
387 2221 584 2302 continetur,
607 2219 695 2306 quod
717 2219 759 2283 de
780 2228 935 2284 mensura
955 2219 1285 2307 ιιιιίιίιἍθηναίων
1305 2242 1349 2286 ox
1364 2219 1556 2286 Atticorum
1578 2226 1730 2310 exemplo
1746 2227 1887 2295 comicos

290 2357 361 2400 rum
382 2331 574 2399 Meinekins'
593 2329 717 2395 monuit
739 2331 781 2396 ad
803 2329 977 2412 Scyrnnum
1000 2331 1120 2398 Gbium
1140 2355 1173 2418 p.
1192 2335 1248 2404 57.

440 2441 507 2514 (lui
532 2441 683 2532 sequitur
703 2462 836 2524 versus,
869 2442 997 2528 etipse
1024 2443 1142 2508 mendo
1164 2440 1319 2508 foedatus
1341 2449 1402 2508 est.
1445 2439 1530 2507 Nam
1550 2447 1639 2532 qnod
1664 2447 1786 2512 editum
1808 2469 1887 2533 apo·
1948 2527 1950 2532 ,

290 2557 418 2650 grapho
441 2559 494 2618 est
513 2568 564 2618 σοι
584 2555 637 2642 νῷ,
664 2573 738 2616 oum
759 2550 926 2640 plerisque
946 2533 1160 2640 improbetur,
1186 2553 1315 2624 tuendo
1329 2551 1388 2620 vix
1409 2551 1517 2618 locum
1538 2550 1669 2638 fecerit,
1693 2563 1888 2646 quemquam

290 2691 356 2735 nou
379 2666 496 2731 deesse
520 2661 649 2730 omnino
670 2661 810 2743 uidetur,
832 2684 896 2750 qno
918 2670 1082 2751 utcunque
1103 2664 1276 2738 muniatur.
1312 2662 1384 2730 lam
1397 2685 1477 2730 vcro
1498 2663 1694 2732 medisinam
1717 2668 1889 2755 quaerenti

290 2778 371 2844 illud
392 2772 598 2874 potissimum
620 2773 783 2860 agendum
804 2781 867 2856 est,
888 2781 925 2838 ut
945 2775 1110 2861 scriptura
1128 2774 1264 2862 vulgato
1283 2797 1358 2840 oum
1374 2773 1516 2852 dicentis
1537 2774 1686 2845 ιιιιὶιίι
1698 2786 1789 2844 ιιιιι
1803 2797 1889 2847 con

292 2887 431 2978 oilietur.
475 2870 681 2950 Lachmanni
704 2882 890 2971 emendatio
912 2892 950 2950 ut
969 2884 1106 2974 reliquis
1129 2894 1181 2952 est
1167 2885 1335 2969 tlectior,
1361 2885 1409 2951 ita
1429 2906 1582 2972 magnam
1607 2884 1710 2952 babet
1733 2912 1755 2954 a
1775 2888 1888 2954 ιίιιιι

292 3021 363 3064 rum
384 2996 501 3084 figuris
521 2994 836 3063 commendationem
859 2995 1010 3082 tollitque
1033 2996 1328 3083 dubitationem‚'
1301 3019 1330 3061 ιι
1353 3018 1418 3084 qua
1440 3003 1492 3062 ιιι
1513 2996 1554 3062 de
1577 2995 1723 3062 articulo
1739 2999 1784 3063 τό.
1821 2995 1889 3066 Ve-

291 3131 365 3176 rum
386 3108 502 3174 eadem
525 3116 634 3172 tamen
656 3107 721 3173 hoc
742 3107 831 3193 parit
853 3107 1064 3191 incommodi,
1085 3110 1174 3197 quod
1197 3106 1423 3191 cumulandi
1444 3107 1577 3172 notione
1600 3106 1710 3190 illurn,
1731 3108 1784 3173 cui
1807 3110 1888 3174 scri·

291 3220 401 3308 psisse
424 3218 588 3304 putandus
617 3225 668 3284 est
690 3219 849 3300 Babrius,
873 3233 938 3284 non
959 3218 1157 3304 discipulum
1184 3218 1255 3286 sive
1276 3218 1437 3285 lecturum
1457 3216 1587 3284 fabulas
1613 3217 1889 3306 aliquempiam·

291 3341 346 3396 tur
367 3324 538 3412 effecisse,
559 3329 620 3393 sed
640 3327 824 3394 fabularum
847 3337 1044 3413 conatorem,
1065 3330 1130 3417 ipsi
1153 3320 1361 3395 hauddubie
1388 3329 1514 3395 auctori
1537 3329 1797 3416 improbabilem.
1834 3351 1901 3394 nc-

293 3465 358 3532 qne
385 3443 429 3506 dv
454 3439 547 3532 θέλης
574 3439 706 3527 quidem
735 3446 827 3506 caret
854 3438 1067 3524 difficultate,
1099 3441 1128 3504 si
1163 3440 1268 3526 ipsius
1295 3448 1428 3526 spectes
1454 3441 1631 3506 scribentis
1658 3437 1889 3505 conditionem.

296 3553 412 3619 Omnis
440 3549 497 3616 illa
518 3549 640 3617 vitatur
666 3550 865 3638 ambiguitas
892 3568 941 3616 σοι
962 3552 1122 3618 mutato
1114 3574 1148 3616 ιι
1170 3570 1244 3634 ooo,
1276 3574 1364 3662 qua
1363 3552 1540 3619 mutatione
1562 3554 1609 3640 aqi
1629 3556 1793 3631 servatur,
1824 3571 1889 3636 quo

296 3686 396 3750 segre
423 3663 479 3728 hic
507 3682 623 3726 careas
650 3663 694 3726 ad
721 3661 892 3728 eonsilium
926 3662 1176 3748 praecipientis
1223 3633 1393 3730 Articulbs
1420 3670 1528 3729 curtem
1555 3659 1590 3726 ud
1618 3659 1751 3728 defendi
1780 3665 1891 3744 potest

176 3812 180 3820 ·
294 3773 372 3855 illis,
392 3796 477 3861 quae
499 3770 713 3838 subtilissime
734 3773 890 3859 exposuit
910 3771 1114 3860 Kruegerus
1130 3771 1225 3855 Synt.
1247 3796 1296 3860 gr
1318 3797 1351 3860 p.
1372 3781 1427 3858 93,
1447 3798 1478 3840 ι.
1499 3777 1531 3846 ι.

445 3883 598 3971 Denique
611 3883 751 3970 θηλᾶσαι
772 3884 952 3971 improbam
967 3884 1071 3950 scioli
1093 3885 1275 3972 cuiuspiam
1295 3907 1425 3951 manum
1450 3883 1582 3970 prodit·
1605 3901 1799 3970 quamquam
1825 3901 1889 3946 nou

295 3997 435 4082 θηιᾶσαι
464 3994 621 4080 scriptum
649 3993 682 4060 iu
710 3996 826 4061 codice
854 3995 1019 4080 suspicor,
1051 3997 1113 4060 scd
1135 3995 1284 4082 θηλᾶναι.
1321 3997 1408 4085 quod
1431 3995 1485 4082 qui
1513 3990 1663 4078 scripsit,
1695 4013 1789 4055 suum
1811 3991 1890 4056 dua-

202 4183 205 4196 ,
294 4113 389 4174 taxat
410 4105 576 4190 ingenium
598 4103 724 4170 Bebrio
744 4105 885 4192 largitus
908 4113 942 4172 et
962 4105 1150 4189 consilium,
1176 4107 1392 4188 mythiambos
1414 4105 1504 4190 illos,
1530 4125 1571 4169 ne
1593 4100 1672 4189 quid
1694 4123 1802 4183 erres,
1829 4121 1889 4184 pro

295 4215 468 4284 nutriculis
495 4216 609 4281 babuit
634 4214 814 4300 mellifluis,
846 4238 931 4305 qnae
958 4216 1052 4304 quasi
1079 4239 1252 4283 mammem
1278 4219 1478 4304 praeberent
1503 4214 1697 4300 legentibus.
1746 4209 1893 4278 Noverat

257 4383 261 4396 .
296 4335 470 4413 praeterea
491 4326 626 4402 verbum
648 4325 826 4412 aptatae,
853 4328 940 4416 quod
967 4328 1054 4393 idem
1077 4334 1184 4395 esset
1197 4351 1269 4394 cum
1290 4329 1451 4416 θηλάζειν,
1477 4326 1563 4390 unde
1590 4321 1720 4390 effinxit
1740 4320 1889 4408 θηλᾶναι.

297 4417 440 4524 Reliqua
460 4436 643 4524 praestabit
662 4435 829 4504 Kusterus
857 4435 1250 4526 adflcsychiiaqlavw.
1277 4439 1436 4509 hocloco
1464 4431 1653 4504 sufficiebat
1675 4432 1775 4499 dubia
1801 4431 1891 4498 illinc

296 4548 490 4632 repetisse
481 4571 514 4614 ιι
536 4546 664 4618 librarii
689 4570 862 4616 censuram
883 4549 1006 4634 quippe
1031 4549 1172 4615 hominis
1195 4550 1413 4636 deprecantis.
1457 4545 1536 4613 Fuit
1561 4545 1617 4612 ille
1639 4549 1748 4611 autom
1769 4564 1814 4608 ex
1836 4563 1892 4608 eo

297 4680 368 4731 ιιιι
390 4680 536 4743 numero,
555 4680 693 4748 qnorum
714 4658 812 4734 stilus
832 4681 898 4728 ιιι
919 4659 1116 4752 obhorreret
1136 4663 1177 4729 ab
1199 4661 1264 4729 boo
1286 4660 1436 4730 infinitivi
1457 4679 1530 4741 usu,
1550 4654 1657 4743 qualis
1679 4653 1804 4740 placuit
1825 4647 1893 4718 Gn«

298 4770 392 4842 briae
414 4769 483 4836 sive
505 4769 637 4856 ignatio
660 4769 877 4838 insulsissime
899 4772 1377 4854 tetrastichorum-tomeutoe,
1396 4769 1486 4838 velut
1506 4767 1532 4840 ι.
1555 4774 1594 4840 lb
1618 4764 1687 4850 [ed.
1710 4761 1843 4846 venet]
