4234 5732
955 449 1233 518 -ῃ,

443 629 637 715 Hipponax,
659 646 755 712 quem
783 611 849 688 loci
870 619 1035 688 Hesiodei
1062 621 1227 707 interpres
1255 621 1392 688 alterum
1416 624 1633 691 constituerat
1660 626 1692 692 in
1718 636 1813 714 parte
1835 651 1899 716 non

295 745 504 822 musicorum,
526 738 554 801 si
571 737 650 824 quid
673 742 734 818 est,
756 733 843 821 qued
864 717 1034 821 proprium
1049 732 1119 807 ‚sibi
1134 732 1290 828 vindicet,
1311 732 1392 798 illud
1412 741 1474 827 est,
1496 737 1582 820 quod
1605 737 1772 824 ingenium
1793 740 1900 826 magis

297 855 396 922 efiam
419 872 515 938 quam
537 847 656 938 reliqui
679 843 909 931 iambograpbi
938 843 1094 908 acerbum
1114 842 1358 930 violentumqua
1379 845 1545 931 prodidit,
1572 849 1625 912 eui
1647 848 1826 918 violentiae
1846 873 1899 918 re-

296 951 436 1052 spondet
458 959 564 1027 oratio
586 956 716 1044 plenior
730 953 961 1037 aculeorum¹)
984 962 1018 1019 et
1039 961 1177 1020 metrum
1201 953 1336 1020 satirico
1351 956 1466 1042 generi
1489 957 1608 1042 aptius,
1630 958 1682 1022 eui
1700 961 1743 1026 da
1765 969 1900 1028 auctore

296 1095 415 1143 nomen
436 1071 575 1137 inditum
598 1075 650 1134 est
668 1067 944 1154 Hipponacteum.
967 1086 1033 1130 non
1054 1070 1165 1150 potest
1188 1066 1273 1131 enim
1296 1067 1472 1153 quidquam
1494 1069 1680 1154 excogitari
1703 1073 1747 1135 ad
1768 1093 1901 1138 sensum

298 1183 442 1274 legentis
466 1179 558 1269 quasi
583 1178 851 1264 distorquendum
872 1175 1126 1244 lacerandumve
1149 1178 1443 1261 accommodatius,
1469 1201 1566 1265 qnam
1588 1180 1824 1266 antispasticus
1846 1183 1902 1250 ille

297 1313 449 1364 versuum
472 1291 582 1358 exitus
604 1288 757 1355 continuo
780 1286 896 1352 ordine
918 1307 1104 1368 recurrens,
1125 1286 1160 1352 in
1182 1309 1246 1373 qno
1268 1288 1469 1374 singulorum
1491 1289 1566 1355 cola
1586 1297 1735 1358 anaema
1755 1314 1820 1358 nen
1843 1294 1901 1361 cb-

299 1429 396 1474 scure
418 1404 537 1472 elamat
559 1391 780 1479 ὅἹπιιῶναξ.
796 1419 798 1428 ’
813 1396 889 1462 Hoc
911 1419 990 1462 usus
1012 1404 1117 1464 metro
1141 1404 1193 1463 est
1207 1377 1364 1483 Babrius,
1385 1401 1453 1486 qui,
1473 1400 1502 1464 si
1523 1401 1673 1468 consulto
1697 1423 1769 1468 eum
1787 1405 1902 1490 egisse

299 1525 437 1598 statuas,
456 1513 511 1581 vel
525 1510 668 1577 maxime
683 1509 742 1575 illa
762 1532 805 1610 re
814 1508 920 1574 videri
936 1515 1048 1594 potest
1067 1508 1215 1574 indicare
1228 1509 1384 1593 voluisse,
1406 1512 1439 1576 in
1454 1512 1712 1598 reprehensorie¹
1723 1535 1761 1580 se
1776 1534 1900 1600 genere

298 1625 465 1697 versatum
488 1645 579 1705 esse,
607 1622 695 1709 quod
721 1642 826 1709 genus
847 1617 977 1704 Aesopi
1000 1618 1150 1706 apologis
1171 1620 1387 1708 mitigandum
1408 1622 1473 1688 sibi
1495 1623 1699 1709 sumpsisset.
1744 1621 1914 1702 Diximus¹

290 1738 448 1834 quidem,
473 1733 602 1818 Aesopi
623 1731 755 1798 fabulas
778 1737 812 1797 et
832 1731 924 1816 ipsas
945 1751 1085 1817 vergere
1107 1731 1150 1795 ad
1172 1753 1277 1817 genus
1298 1732 1604 1817 reprehensorium,
1629 1735 1690 1800 sed
1718 1733 1819 1800 iidem
1842 1733 1900 1801 ob-

302 1847 520 1930 servavimus,
546 1867 646 1930 posse
669 1843 775 1909 omnis
797 1840 930 1928 epologi
953 1841 985 1905 in
1009 1839 1193 1906 imitatione
1214 1842 1314 1926 positi
1337 1843 1402 1909 vim
1424 1844 1587 1909 immutari
1609 1867 1671 1931 pro
1694 1867 1823 1927 eorum,
1846 1846 1901 1934 qui

302 1960 419 2033 ecdem
440 1963 588 2039 utuntur,
617 1962 673 2020 ant
693 1953 819 2041 ingenii
842 1960 898 2018 aut
920 1951 1050 2018 consilii
1073 1952 1282 2036 diversitate,
1311 1975 1375 2039 quo
1394 1952 1468 2019 fieri
1489 1951 1617 2039 potest,
1641 1964 1678 2021 ut
1700 1956 1860 2042 apologus
1882 1978 1903 2020 a

302 2070 438 2137 satirico
459 2067 591 2133 homine
613 2067 775 2148 inventus,
801 2065 858 2131 ubi
879 2063 1003 2130 mitiori
1025 2063 1136 2148 eoepit
1157 2063 1290 2150 ingenio
1313 2064 1449 2146 servire,
1472 2072 1628 2152 tanquam
1649 2065 1902 2133 mansuetiorem

303 2181 444 2268 aliquam
468 2185 618 2244 naturam
641 2177 859 2262 assumpsisse
880 2176 1041 2242 videatur.

457 2288 597 2356 Ventum
620 2309 659 2354 eo
683 2296 745 2371 cst,
769 2294 816 2369 ut,
836 2308 921 2373 quae
942 2287 1103 2353 hactenus
1125 2311 1145 2352 a
1166 2286 1263 2354 nobis
1284 2285 1472 2374 singulatim
1495 2287 1663 2374 disputata
1684 2294 1903 2375 enarrataqne

271 2419 275 2426 “
304 2410 394 2484 sunt,
427 2401 459 2467 iu
487 2419 586 2464 unum
613 2399 765 2486 cogenda
783 2397 972 2481 videantur,
1004 2397 1090 2463 unde
1111 2399 1326 2484 perspicienti
1354 2387 1465 2484 partes
1492 2398 1568 2464 illas
1594 2421 1715 2488 easque
1742 2399 1777 2464 in
1804 2421 1901 2484 unum

304 2511 398 2602 qnasi
429 2509 528 2576 finem
556 2508 700 2576 directas
733 2531 805 2574 cum
835 2509 962 2574 duobus
994 2508 1173 2595 prooemiis
1204 2531 1305 2595 supra
1333 2510 1492 2598 expositis
1525 2510 1729 2595 comparanti
1761 2510 1902 2594 eluceat,

302 2623 475 2704 Bebrio,
507 2621 595 2706 quod
616 2621 731 2706 paucis
753 2620 865 2687 verbis
887 2619 1209 2706 comprehendimus,
1240 2621 1282 2687 id
1302 2620 1437 2687 luisse
1460 2620 1677 2686 consilinm
1703 2621 1742 2686 in
1764 2623 1903 2707 auspi-

305 2735 434 2801 canda
460 2731 579 2817 poesi
612 2730 916 2832 mythiambica,
948 2738 988 2796 ut
1020 2728 1221 2797 iambicae
1249 2731 1515 2798 acerbitatem
1548 2731 1760 2818 mitigaret
1788 2733 1904 2797 adhi-

183 2917 185 2922 ,
303 2847 386 2912 bita
407 2841 578 2908 materie
601 2841 878 2930 apologorum,
907 2863 953 2906 ne
981 2864 1056 2907 non
1084 2843 1238 2909 musica
1264 2842 1339 2908 illa
1360 2844 1579 2911 videretur.

308 2963 325 3032 J
454 2952 685 3040 Progenuerat
700 2955 882 3040 depravata
902 2952 1069 3018 bominum
1091 2962 1209 3019 natura
1229 2955 1348 3040 poesin
1361 2954 1659 3040 reprehensoriam,
1680 2975 1764 3040 quae
1778 2961 1904 3021 mature

304 3067 434 3135 videtur
456 3065 655 3132 discrevisse
683 3065 849 3153 ingenus
875 3066 1036 3131 musicum
1058 3072 1092 3129 et
1118 3051 1310 3151 iambicum,
1341 3065 1374 3130 in
1397 3050 1461 3152 quo
1488 3065 1661 3134 brevitatis
1682 3087 1784 3131 eausa
1804 3066 1906 3132 liceat

300 3171 455 3244 'dicamus'
477 3178 642 3242 satiram
664 3178 853 3243 musicam
883 3181 918 3242 et
940 3177 1105 3241 satiram
1132 3176 1354 3244 iambicam.
1390 3175 1522 3242 Musica
1543 3176 1660 3244 relicta
1680 3184 1752 3242 erat
1770 3165 1808 3243 ¹et
1830 3155 1905 3242 conl

307 3311 405 3357 cesse
426 3287 534 3373 poetis
556 3288 776 3373 pbilosophis,
798 3288 941 3353 iambica
956 3294 1075 3372 autern,
1096 3289 1236 3354 secretis
1258 3287 1405 3354 sillorum
1427 3288 1701 3376 sugillationibus,
1721 3288 1907 3373 mancipata

307 3399 371 3468 fuit
393 3398 650 3484 iambograpbis.
673 3399 856 3464 musicani
879 3405 950 3463 erat
970 3406 1124 3485 tanquam
1147 3400 1180 3463 in
1201 3399 1325 3465 ditione
1347 3400 1554 3482 urbanitatis,
1574 3399 1621 3463 ita
1643 3401 1749 3484 impar
1762 3398 1834 3465 visa
1857 3402 1913 3461 est'

310 3513 381 3580 eius
409 3507 587 3591 atrocitati,
610 3509 664 3596 qui
687 3533 751 3576 non
773 3509 938 3576 ‘culturae
959 3509 1139 3595 patientem
1161 3509 1323 3594 praebeat
1343 3513 1481 3595 aurem’,
1503 3511 1643 3576 iambica
1666 3533 1739 3575 cum
1758 3510 1793 3574 ¹in
1815 3515 1906 3574 reete

308 3621 496 3690 incessendi
518 3621 626 3686 studio
650 3644 714 3687 non
737 3620 916 3688 declinaret
934 3622 1162 3704 acerbitatem,
1184 3619 1218 3685 in
1240 3621 1395 3687 invidiam
1418 3623 1533 3689 incidit
1554 3629 1588 3686 et
1610 3597 1930 3686 οι1ἰιιιιι1ιιοεοιιιιιι’

265 3755 269 3770 ⁸
298 3733 459 3821 ‘indeque
472 3731 667 3818 gliscentem
689 3730 874 3817 infamiam,
900 3756 965 3797 non
988 3739 1140 3798 cessante
1161 3730 1327 3817 periculo,
1350 3733 1619 3819 quemadmodum
1641 3730 1825 3816 exemplum
1849 3730 1906 3796 do·

311 3843 379 3910 cuit
399 3843 594 3911 Archilochi
623 3852 656 3910 et
682 3831 925 3931 Hipponactis.¹
968 3835 1139 3931 Tanquam
1167 3845 1210 3918 in¹
1230 3843 1339 3910 medio
1367 3823 1495 3930 positus
1521 3843 1707 3909 obtinuerat
1735 3842 1905 3928 apologus,

310 3954 441 4040 utrique
472 3963 608 4039 paratus
634 3957 766 4043 generi,
802 3957 843 4022 ab
871 3964 1010 4042 utroque
1038 3958 1195 4020 ducturus
1224 3954 1377 4022 colorem.
1433 3955 1517 4020 Sunt
1549 3960 1656 4020 autem
1683 3952 1907 4019 blandimenta

313 4065 473 4155 quaedam
501 4067 713 4154 apologorum
741 4074 776 4132 et
797 4067 890 4154 quasi
917 4059 1098 4148 lenocinia,
1130 4088 1214 4153 quae
1236 4065 1457 4152 imperitiores
1479 4065 1513 4132 in
1538 4065 1665 4133 ludicra
1686 4065 1829 4152 puerilia
1850 4065 1907 4130 de·

312 4172 493 4259 torserunt,
521 4198 656 4261 quorum
677 4178 741 4243 boe
762 4179 836 4244 loco
859 4177 949 4244 nulla
975 4186 1026 4245 est
1047 4178 1151 4260 ratio,
1178 4179 1343 4244 doctiores
1364 4179 1484 4263 partim
1499 4181 1554 4244 ad
1581 4179 1794 4264 temperanda
1815 4175 1908 4243 varia

312 4312 454 4377 poeseos
477 4309 616 4375 genera,
643 4290 762 4376 partim
785 4291 827 4356 ed
849 4311 968 4356 causas
990 4289 1157 4356 suasorias
1180 4290 1412 4372 adhibuerunt,
1437 4279 1496 4355 alii
1521 4289 1647 4374 rarius,
1673 4287 1738 4355 alii·
1756 4295 1825 4354 toto
1849 4307 1906 4376 ge·

313 4422 401 4470 nere.
446 4400 620 4466 Rariorem
642 4400 793 4468 fecerunt
814 4424 923 4487 urum,
945 4424 1026 4488 quos
1048 4401 1161 4467 laudat
1181 4399 1328 4467 lulianus
1350 4400 1424 4486 [Or.
1448 4400 1552 4487 Vlllz
1579 4400 1759 4482 Homerus,
1786 4398 1914 4468 flesto-r

264 4663 267 4672 ’
389 4677 391 4681 ·
464 4669 490 4734 1)
508 4665 632 4721 nestun.
648 4667 681 4718 aa
700 4666 749 4720 οι.
765 4666 806 4722 x1
823 4683 850 4737 p.
868 4669 948 4720 resa:
971 4664 1008 4720 eo
1025 4666 1053 4721 er
1071 4665 1214 4733 meuc
1236 4665 1268 4721 rs
1289 4645 1379 4742 apem
1395 4668 1412 4720 a
1429 4667 1535 4739 apae,
1562 4665 1699 4732 euzae
1718 4665 1842 4740 ι-πικρις
1853 4662 1904 4748 τις

315 4751 414 4814 odrae.
448 4749 505 4806 ce.
523 4753 651 4810 Welelser
666 4754 693 4807 in
711 4750 791 4822 liipp.
809 4753 843 4805 tr.
860 4768 887 4822 p.
903 4756 928 4804 d,
