<?xml version="1.0" encoding="UTF-8"?>
<!DOCTYPE html PUBLIC "-//W3C//DTD XHTML 1.0 Transitional//EN"
    "http://www.w3.org/TR/xhtml1/DTD/xhtml1-transitional.dtd">
<html xmlns="http://www.w3.org/1999/xhtml" xml:lang="en" lang="en">
 <head>
  <title>
</title>
<meta http-equiv="Content-Type" content="text/html;charset=utf-8" />
  <meta name='ocr-system' content='tesseract 3.04.00' />
  <meta name='ocr-capabilities' content='ocr_page ocr_carea ocr_par ocr_line ocrx_word'/>
</head>
<body>
  <div class='ocr_page' id='page_1' title='image "./debabriimythiam00droggoog_0009.png"; bbox 0 0 4234 5732; ppageno 0'>
   <div class='ocr_carea' id='block_1_1' title="bbox 0 473 3 1279">
    <p class='ocr_par' dir='ltr' id='par_1_1' title="bbox 0 473 3 1279">
     <span class='ocr_line' id='line_1_1' title="bbox 0 473 3 1279; baseline 0 0"><span class='ocrx_word' id='word_1_1' title='bbox 0 473 3 1279; x_wconf 95' lang='lat' dir='ltr'><strong> </strong></span> 
     </span>
    </p>
   </div>
   <div class='ocr_carea' id='block_1_2' title="bbox 962 543 1236 610">
    <p class='ocr_par' dir='ltr' id='par_1_2' title="bbox 962 543 1236 610">
     <span class='ocr_line' id='line_1_2' title="bbox 962 543 1236 610; baseline 0 -25"><span class='ocrx_word' id='word_1_2' title='bbox 962 543 1236 610; x_wconf 61' lang='lat'>..2-</span> 
     </span>
    </p>
   </div>
   <div class='ocr_carea' id='block_1_3' title="bbox 213 694 1971 4694">
    <p class='ocr_par' dir='ltr' id='par_1_3' title="bbox 296 694 1899 1024">
     <span class='ocr_line' id='line_1_3' title="bbox 296 694 1899 815; baseline 0.008 -32"><span class='ocrx_word' id='word_1_3' title='bbox 296 717 439 784; x_wconf 86' lang='lat' dir='ltr'><strong>Babrii</strong></span> <span class='ocrx_word' id='word_1_4' title='bbox 465 714 739 798; x_wconf 84' lang='lat' dir='ltr'><strong>mythiniubos</strong></span> <span class='ocrx_word' id='word_1_5' title='bbox 762 713 912 778; x_wconf 75' lang='lat' dir='ltr'><strong>eontinet</strong></span> <span class='ocrx_word' id='word_1_6' title='bbox 930 694 1070 782; x_wconf 65' lang='lat' dir='ltr'><strong>usn</strong></span> <span class='ocrx_word' id='word_1_7' title='bbox 1089 722 1223 782; x_wconf 74' lang='grc' dir='ltr'>ιιιιιιιι</span> <span class='ocrx_word' id='word_1_8' title='bbox 1243 716 1364 802; x_wconf 64' lang='lat' dir='ltr'><strong>viginti</strong></span> <span class='ocrx_word' id='word_1_9' title='bbox 1385 726 1473 802; x_wconf 80' lang='lat' dir='ltr'><strong>tres,</strong></span> <span class='ocrx_word' id='word_1_10' title='bbox 1494 721 1576 785; x_wconf 75' lang='lat' dir='ltr'><strong>need</strong></span> <span class='ocrx_word' id='word_1_11' title='bbox 1589 737 1742 806; x_wconf 73' lang='grc' dir='ltr'>στοιχεῖον</span> <span class='ocrx_word' id='word_1_12' title='bbox 1757 728 1899 815; x_wconf 88' lang='lat' dir='ltr'><strong>disposi</strong></span> 
     </span>
     <span class='ocr_line' id='line_1_4' title="bbox 297 822 1899 923; baseline 0.008 -29"><span class='ocrx_word' id='word_1_13' title='bbox 297 837 350 894; x_wconf 85' lang='lat' dir='ltr'><strong>tos</strong></span> <span class='ocrx_word' id='word_1_14' title='bbox 372 832 610 914; x_wconf 85' lang='lat' dir='ltr'><strong>praetereaque</strong></span> <span class='ocrx_word' id='word_1_15' title='bbox 634 825 697 888; x_wconf 90' lang='lat' dir='ltr'><strong>duo</strong></span> <span class='ocrx_word' id='word_1_16' title='bbox 719 825 907 909; x_wconf 88' lang='lat' dir='ltr'><strong>prooemia,</strong></span> <span class='ocrx_word' id='word_1_17' title='bbox 936 822 1074 890; x_wconf 90' lang='lat' dir='ltr'><strong>alterum</strong></span> <span class='ocrx_word' id='word_1_18' title='bbox 1097 849 1117 891; x_wconf 94' lang='grc' dir='ltr'><strong>ιι</strong></span> <span class='ocrx_word' id='word_1_19' title='bbox 1138 826 1318 912; x_wconf 80' lang='lat' dir='ltr'><strong>principio,</strong></span> <span class='ocrx_word' id='word_1_20' title='bbox 1346 828 1484 894; x_wconf 90' lang='lat' dir='ltr'><strong>alterum</strong></span> <span class='ocrx_word' id='word_1_21' title='bbox 1505 853 1568 918; x_wconf 89' lang='lat' dir='ltr'><strong>quo</strong></span> <span class='ocrx_word' id='word_1_22' title='bbox 1591 830 1665 898; x_wconf 90' lang='lat' dir='ltr'><strong>loeo</strong></span> <span class='ocrx_word' id='word_1_23' title='bbox 1688 834 1786 902; x_wconf 87' lang='lat' dir='ltr'><strong>litera</strong></span> <span class='ocrx_word' id='word_1_24' title='bbox 1806 865 1830 923; x_wconf 80' lang='grc' dir='ltr'><strong><em>μ</em></strong></span> <span class='ocrx_word' id='word_1_25' title='bbox 1851 841 1899 906; x_wconf 89' lang='lat' dir='ltr'><strong>iii·</strong></span> 
     </span>
     <span class='ocr_line' id='line_1_5' title="bbox 300 934 1582 1024; baseline 0.002 -20"><span class='ocrx_word' id='word_1_26' title='bbox 300 939 381 1024; x_wconf 88' lang='lat' dir='ltr'><strong>eipit</strong></span> <span class='ocrx_word' id='word_1_27' title='bbox 401 937 559 1022; x_wconf 91' lang='lat' dir='ltr'><strong>positum,</strong></span> <span class='ocrx_word' id='word_1_28' title='bbox 581 957 733 1022; x_wconf 90' lang='lat' dir='ltr'><strong>quorum</strong></span> <span class='ocrx_word' id='word_1_29' title='bbox 731 934 774 998; x_wconf 91' lang='lat' dir='ltr'><strong>iii</strong></span> <span class='ocrx_word' id='word_1_30' title='bbox 797 935 860 1000; x_wconf 88' lang='lat' dir='ltr'><strong>liae</strong></span> <span class='ocrx_word' id='word_1_31' title='bbox 882 935 1063 1021; x_wconf 76' lang='lat' dir='ltr'><strong>scriptione</strong></span> <span class='ocrx_word' id='word_1_32' title='bbox 1085 938 1285 1023; x_wconf 88' lang='lat' dir='ltr'><strong>praeeipua</strong></span> <span class='ocrx_word' id='word_1_33' title='bbox 1284 937 1464 1006; x_wconf 81' lang='lat' dir='ltr'>habebitur</span> <span class='ocrx_word' id='word_1_34' title='bbox 1485 942 1582 1008; x_wconf 90' lang='lat' dir='ltr'><strong>ratio.</strong></span> 
     </span>
    </p>

    <p class='ocr_par' dir='ltr' id='par_1_4' title="bbox 296 1043 1971 2350">
     <span class='ocr_line' id='line_1_6' title="bbox 447 1043 1898 1149; baseline 0.012 -37"><span class='ocrx_word' id='word_1_35' title='bbox 447 1047 555 1112; x_wconf 85' lang='lat' dir='ltr'><strong>Huius</strong></span> <span class='ocrx_word' id='word_1_36' title='bbox 570 1045 692 1112; x_wconf 89' lang='lat' dir='ltr'><strong>inventi</strong></span> <span class='ocrx_word' id='word_1_37' title='bbox 708 1046 934 1132; x_wconf 78' lang='lat' dir='ltr'><strong>apographum</strong></span> <span class='ocrx_word' id='word_1_38' title='bbox 949 1044 1081 1110; x_wconf 85' lang='lat' dir='ltr'><strong>effinxit</strong></span> <span class='ocrx_word' id='word_1_39' title='bbox 1095 1043 1224 1130; x_wconf 85' lang='lat' dir='ltr'><strong>Menas,</strong></span> <span class='ocrx_word' id='word_1_40' title='bbox 1246 1069 1438 1135; x_wconf 84' lang='lat' dir='ltr'><strong>quamquam</strong></span> <span class='ocrx_word' id='word_1_41' title='bbox 1460 1073 1524 1116; x_wconf 91' lang='lat' dir='ltr'><strong>nou</strong></span> <span class='ocrx_word' id='word_1_42' title='bbox 1549 1075 1600 1136; x_wconf 91' lang='lat' dir='ltr'><strong>ea,</strong></span> <span class='ocrx_word' id='word_1_43' title='bbox 1620 1062 1656 1119; x_wconf 93' lang='lat' dir='ltr'><strong>ut</strong></span> <span class='ocrx_word' id='word_1_44' title='bbox 1669 1057 1811 1143; x_wconf 90' lang='lat' dir='ltr'><strong>videtur,</strong></span> <span class='ocrx_word' id='word_1_45' title='bbox 1834 1085 1898 1149; x_wconf 89' lang='lat' dir='ltr'><strong>qua</strong></span> 
     </span>
     <span class='ocr_line' id='line_1_7' title="bbox 298 1155 1943 1257; baseline 0.008 -32"><span class='ocrx_word' id='word_1_46' title='bbox 298 1183 359 1246; x_wconf 91' lang='lat' dir='ltr'><strong>par</strong></span> <span class='ocrx_word' id='word_1_47' title='bbox 381 1158 455 1241; x_wconf 88' lang='lat' dir='ltr'><strong>fuit,</strong></span> <span class='ocrx_word' id='word_1_48' title='bbox 477 1157 648 1244; x_wconf 76' lang='lat' dir='ltr'><strong>diligentia</strong></span> <span class='ocrx_word' id='word_1_49' title='bbox 669 1157 803 1242; x_wconf 82' lang='lat' dir='ltr'><strong>negotio</strong></span> <span class='ocrx_word' id='word_1_50' title='bbox 827 1155 882 1222; x_wconf 96' lang='lat' dir='ltr'><strong>illo</strong></span> <span class='ocrx_word' id='word_1_51' title='bbox 905 1155 1106 1240; x_wconf 87' lang='lat' dir='ltr'><strong>perfunotus.</strong></span> <span class='ocrx_word' id='word_1_52' title='bbox 1142 1157 1227 1223; x_wconf 90' lang='lat' dir='ltr'><strong>Nolo</strong></span> <span class='ocrx_word' id='word_1_53' title='bbox 1249 1159 1314 1224; x_wconf 90' lang='lat' dir='ltr'><strong>hoe</strong></span> <span class='ocrx_word' id='word_1_54' title='bbox 1336 1183 1357 1224; x_wconf 90' lang='lat' dir='ltr'><strong>a</strong></span> <span class='ocrx_word' id='word_1_55' title='bbox 1378 1183 1430 1226; x_wconf 90' lang='lat' dir='ltr'><strong>me</strong></span> <span class='ocrx_word' id='word_1_56' title='bbox 1452 1162 1500 1226; x_wconf 89' lang='lat' dir='ltr'><strong>ita</strong></span> <span class='ocrx_word' id='word_1_57' title='bbox 1523 1163 1644 1230; x_wconf 87' lang='lat' dir='ltr'><strong>dietum</strong></span> <span class='ocrx_word' id='word_1_58' title='bbox 1663 1167 1780 1252; x_wconf 90' lang='lat' dir='ltr'><strong>videri,</strong></span> <span class='ocrx_word' id='word_1_59' title='bbox 1802 1173 1897 1257; x_wconf 89' lang='lat' dir='ltr'><strong>quasi</strong></span> <span class='ocrx_word' id='word_1_60' title='bbox 1940 1158 1943 1166; x_wconf 37' lang='lat'><strong>¹</strong></span> 
     </span>
     <span class='ocr_line' id='line_1_8' title="bbox 300 1266 1898 1357; baseline 0.007 -22"><span class='ocrx_word' id='word_1_61' title='bbox 300 1279 358 1335; x_wconf 90' lang='lat' dir='ltr'><strong>aut</strong></span> <span class='ocrx_word' id='word_1_62' title='bbox 380 1269 508 1334; x_wconf 90' lang='lat' dir='ltr'><strong>omnino</strong></span> <span class='ocrx_word' id='word_1_63' title='bbox 530 1266 627 1333; x_wconf 89' lang='lat' dir='ltr'><strong>fidem</strong></span> <span class='ocrx_word' id='word_1_64' title='bbox 650 1267 698 1331; x_wconf 94' lang='lat' dir='ltr'><strong>illi</strong></span> <span class='ocrx_word' id='word_1_65' title='bbox 715 1269 876 1352; x_wconf 78' lang='lat' dir='ltr'>derogare</span> <span class='ocrx_word' id='word_1_66' title='bbox 899 1274 956 1347; x_wconf 86' lang='lat' dir='ltr'><strong>aut</strong></span> <span class='ocrx_word' id='word_1_67' title='bbox 971 1289 1104 1353; x_wconf 88' lang='lat' dir='ltr'><strong>operam</strong></span> <span class='ocrx_word' id='word_1_68' title='bbox 1127 1270 1198 1335; x_wconf 89' lang='lat' dir='ltr'><strong>eius</strong></span> <span class='ocrx_word' id='word_1_69' title='bbox 1219 1270 1254 1335; x_wconf 89' lang='lat' dir='ltr'><strong>in</strong></span> <span class='ocrx_word' id='word_1_70' title='bbox 1274 1268 1393 1335; x_wconf 84' lang='lat' dir='ltr'><strong>malain</strong></span> <span class='ocrx_word' id='word_1_71' title='bbox 1416 1272 1636 1357; x_wconf 78' lang='lat' dir='ltr'><strong>suspicionem</strong></span> <span class='ocrx_word' id='word_1_72' title='bbox 1657 1299 1777 1345; x_wconf 88' lang='lat' dir='ltr'><strong>voeare</strong></span> <span class='ocrx_word' id='word_1_73' title='bbox 1799 1283 1898 1346; x_wconf 86' lang='lat' dir='ltr'><strong>susti·</strong></span> 
     </span>
     <span class='ocr_line' id='line_1_9' title="bbox 298 1363 1898 1468; baseline 0.007 -22"><span class='ocrx_word' id='word_1_74' title='bbox 298 1382 436 1462; x_wconf 89' lang='lat' dir='ltr'><strong>nueriiu,</strong></span> <span class='ocrx_word' id='word_1_75' title='bbox 459 1381 519 1445; x_wconf 90' lang='lat' dir='ltr'><strong>sed</strong></span> <span class='ocrx_word' id='word_1_76' title='bbox 542 1379 680 1443; x_wconf 88' lang='lat' dir='ltr'><strong>interest</strong></span> <span class='ocrx_word' id='word_1_77' title='bbox 700 1399 764 1441; x_wconf 92' lang='lat' dir='ltr'><strong>nou</strong></span> <span class='ocrx_word' id='word_1_78' title='bbox 786 1376 869 1442; x_wconf 90' lang='lat' dir='ltr'><strong>nihil</strong></span> <span class='ocrx_word' id='word_1_79' title='bbox 891 1379 977 1443; x_wconf 89' lang='lat' dir='ltr'><strong>inter</strong></span> <span class='ocrx_word' id='word_1_80' title='bbox 998 1378 1047 1443; x_wconf 91' lang='lat' dir='ltr'><strong>rei</strong></span> <span class='ocrx_word' id='word_1_81' title='bbox 1070 1377 1240 1444; x_wconf 80' lang='lat' dir='ltr'><strong>subiectae</strong></span> <span class='ocrx_word' id='word_1_82' title='bbox 1254 1363 1432 1447; x_wconf 28' lang='lat' dir='ltr'><strong>veritatem·</strong></span> <span class='ocrx_word' id='word_1_83' title='bbox 1450 1389 1484 1447; x_wconf 90' lang='lat' dir='ltr'><strong>et</strong></span> <span class='ocrx_word' id='word_1_84' title='bbox 1504 1383 1641 1468; x_wconf 87' lang='lat' dir='ltr'><strong>probum</strong></span> <span class='ocrx_word' id='word_1_85' title='bbox 1664 1387 1805 1455; x_wconf 91' lang='lat' dir='ltr'><strong>bominis</strong></span> <span class='ocrx_word' id='word_1_86' title='bbox 1820 1413 1898 1457; x_wconf 90' lang='lat' dir='ltr'><strong>oon·</strong></span> 
     </span>
     <span class='ocr_line' id='line_1_10' title="bbox 299 1486 1971 1584; baseline 0.006 -28"><span class='ocrx_word' id='word_1_87' title='bbox 299 1491 423 1575; x_wconf 92' lang='lat' dir='ltr'><strong>silium,</strong></span> <span class='ocrx_word' id='word_1_88' title='bbox 452 1513 515 1576; x_wconf 92' lang='lat' dir='ltr'><strong>quo</strong></span> <span class='ocrx_word' id='word_1_89' title='bbox 539 1489 657 1574; x_wconf 88' lang='lat' dir='ltr'><strong>deeipi</strong></span> <span class='ocrx_word' id='word_1_90' title='bbox 676 1487 785 1574; x_wconf 90' lang='lat' dir='ltr'><strong>possis</strong></span> <span class='ocrx_word' id='word_1_91' title='bbox 813 1486 904 1554; x_wconf 85' lang='lat' dir='ltr'><strong>salva</strong></span> <span class='ocrx_word' id='word_1_92' title='bbox 926 1489 1070 1554; x_wconf 90' lang='lat' dir='ltr'><strong>auotoris</strong></span> <span class='ocrx_word' id='word_1_93' title='bbox 1092 1487 1273 1573; x_wconf 81' lang='lat' dir='ltr'><strong>probitate,</strong></span> <span class='ocrx_word' id='word_1_94' title='bbox 1301 1492 1388 1576; x_wconf 87' lang='lat' dir='ltr'><strong>quod</strong></span> <span class='ocrx_word' id='word_1_95' title='bbox 1410 1514 1452 1558; x_wconf 89' lang='lat' dir='ltr'><strong>ne</strong></span> <span class='ocrx_word' id='word_1_96' title='bbox 1474 1495 1620 1579; x_wconf 88' lang='lat' dir='ltr'><strong>aooidat,</strong></span> <span class='ocrx_word' id='word_1_97' title='bbox 1647 1499 1896 1584; x_wconf 84' lang='lat' dir='ltr'><strong>quantumlieri</strong></span> <span class='ocrx_word' id='word_1_98' title='bbox 1968 1548 1971 1558; x_wconf 36' lang='grc' dir='ltr'><strong>ι</strong></span> 
     </span>
     <span class='ocr_line' id='line_1_11' title="bbox 299 1595 1896 1697; baseline 0.004 -28"><span class='ocrx_word' id='word_1_99' title='bbox 299 1610 420 1688; x_wconf 89' lang='lat' dir='ltr'><strong>potest,</strong></span> <span class='ocrx_word' id='word_1_100' title='bbox 441 1600 676 1687; x_wconf 90' lang='lat' dir='ltr'><strong>providendum</strong></span> <span class='ocrx_word' id='word_1_101' title='bbox 699 1606 759 1663; x_wconf 88' lang='lat' dir='ltr'><strong>est.</strong></span> <span class='ocrx_word' id='word_1_102' title='bbox 792 1595 876 1662; x_wconf 89' lang='lat' dir='ltr'><strong>Nam</strong></span> <span class='ocrx_word' id='word_1_103' title='bbox 899 1620 984 1686; x_wconf 85' lang='lat' dir='ltr'><strong>quae</strong></span> <span class='ocrx_word' id='word_1_104' title='bbox 1005 1598 1112 1664; x_wconf 88' lang='lat' dir='ltr'><strong>literis</strong></span> <span class='ocrx_word' id='word_1_105' title='bbox 1135 1601 1327 1686; x_wconf 77' lang='lat' dir='ltr'><strong>consignata</strong></span> <span class='ocrx_word' id='word_1_106' title='bbox 1349 1611 1435 1685; x_wconf 89' lang='lat' dir='ltr'><strong>sunt,</strong></span> <span class='ocrx_word' id='word_1_107' title='bbox 1456 1613 1547 1670; x_wconf 89' lang='lat' dir='ltr'><strong>reete</strong></span> <span class='ocrx_word' id='word_1_108' title='bbox 1570 1606 1635 1672; x_wconf 90' lang='lat' dir='ltr'><strong>diei</strong></span> <span class='ocrx_word' id='word_1_109' title='bbox 1658 1618 1796 1693; x_wconf 84' lang='lat' dir='ltr'><strong>possunt</strong></span> <span class='ocrx_word' id='word_1_110' title='bbox 1817 1634 1896 1697; x_wconf 92' lang='lat' dir='ltr'><strong>quo·</strong></span> 
     </span>
     <span class='ocr_line' id='line_1_12' title="bbox 300 1708 1954 1821; baseline 0.007 -44"><span class='ocrx_word' id='word_1_111' title='bbox 300 1712 472 1777; x_wconf 90' lang='lat' dir='ltr'><strong>dummodo</strong></span> <span class='ocrx_word' id='word_1_112' title='bbox 495 1717 599 1775; x_wconf 89' lang='lat' dir='ltr'><strong>ortum</strong></span> <span class='ocrx_word' id='word_1_113' title='bbox 624 1709 745 1774; x_wconf 83' lang='lat' dir='ltr'><strong>debere</strong></span> <span class='ocrx_word' id='word_1_114' title='bbox 769 1708 891 1790; x_wconf 72' lang='grc' dir='ltr'>ιιιιιιι,</span> <span class='ocrx_word' id='word_1_115' title='bbox 913 1710 1098 1796; x_wconf 69' lang='lat' dir='ltr'><strong>umidius,</strong></span> <span class='ocrx_word' id='word_1_116' title='bbox 1101 1711 1259 1794; x_wconf 76' lang='grc' dir='ltr'>ιιιιιιιιιιι,</span> <span class='ocrx_word' id='word_1_117' title='bbox 1279 1721 1416 1800; x_wconf 71' lang='lat' dir='ltr'><strong>mitram</strong></span> <span class='ocrx_word' id='word_1_118' title='bbox 1442 1715 1583 1821; x_wconf 64' lang='lat' dir='ltr'><strong>partium</strong></span> <span class='ocrx_word' id='word_1_119' title='bbox 1605 1718 1788 1801; x_wconf 86' lang='lat' dir='ltr'><strong>ministerio</strong></span> <span class='ocrx_word' id='word_1_120' title='bbox 1812 1745 1895 1809; x_wconf 89' lang='lat' dir='ltr'><strong>quae</strong></span> <span class='ocrx_word' id='word_1_121' title='bbox 1949 1804 1954 1812; x_wconf 26' lang='grc'>,</span> 
     </span>
     <span class='ocr_line' id='line_1_13' title="bbox 299 1805 1950 1914; baseline 0.005 -26"><span class='ocrx_word' id='word_1_122' title='bbox 299 1830 377 1888; x_wconf 86' lang='lat' dir='ltr'><strong>unta</strong></span> <span class='ocrx_word' id='word_1_123' title='bbox 398 1828 473 1886; x_wconf 88' lang='lat' dir='ltr'><strong>sunt</strong></span> <span class='ocrx_word' id='word_1_124' title='bbox 495 1821 564 1887; x_wconf 89' lang='lat' dir='ltr'><strong>sive</strong></span> <span class='ocrx_word' id='word_1_125' title='bbox 587 1805 752 1906; x_wconf 81' lang='lat' dir='ltr'><strong>suseepta,</strong></span> <span class='ocrx_word' id='word_1_126' title='bbox 773 1811 816 1882; x_wconf 89' lang='lat' dir='ltr'><strong>ad</strong></span> <span class='ocrx_word' id='word_1_127' title='bbox 832 1842 872 1884; x_wconf 86' lang='lat' dir='ltr'><strong>ea</strong></span> <span class='ocrx_word' id='word_1_128' title='bbox 875 1809 1127 1904; x_wconf 83' lang='lat' dir='ltr'><strong>ponderanda</strong></span> <span class='ocrx_word' id='word_1_129' title='bbox 1128 1843 1168 1886; x_wconf 86' lang='lat' dir='ltr'><strong>ue</strong></span> <span class='ocrx_word' id='word_1_130' title='bbox 1178 1813 1398 1908; x_wconf 85' lang='lat' dir='ltr'><strong>propaganda</strong></span> <span class='ocrx_word' id='word_1_131' title='bbox 1418 1845 1482 1889; x_wconf 89' lang='lat' dir='ltr'><strong>uoii</strong></span> <span class='ocrx_word' id='word_1_132' title='bbox 1505 1827 1611 1893; x_wconf 91' lang='lat' dir='ltr'><strong>minus</strong></span> <span class='ocrx_word' id='word_1_133' title='bbox 1625 1831 1782 1914; x_wconf 85' lang='lat' dir='ltr'><strong>temporis</strong></span> <span class='ocrx_word' id='word_1_134' title='bbox 1803 1854 1897 1897; x_wconf 88' lang='lat' dir='ltr'><strong>mora</strong></span> <span class='ocrx_word' id='word_1_135' title='bbox 1947 1857 1950 1864; x_wconf 88' lang='lat'>·</span> 
     </span>
     <span class='ocr_line' id='line_1_14' title="bbox 299 1930 1895 2028; baseline 0.005 -30"><span class='ocrx_word' id='word_1_136' title='bbox 299 1955 382 2019; x_wconf 91' lang='lat' dir='ltr'><strong>opus</strong></span> <span class='ocrx_word' id='word_1_137' title='bbox 405 1939 456 1998; x_wconf 88' lang='lat' dir='ltr'><strong>est</strong></span> <span class='ocrx_word' id='word_1_138' title='bbox 477 1954 573 2017; x_wconf 85' lang='lat' dir='ltr'><strong>quum</strong></span> <span class='ocrx_word' id='word_1_139' title='bbox 595 1931 725 2016; x_wconf 80' lang='lat' dir='ltr'><strong>ingenio</strong></span> <span class='ocrx_word' id='word_1_140' title='bbox 743 1939 776 1996; x_wconf 90' lang='lat' dir='ltr'><strong>et</strong></span> <span class='ocrx_word' id='word_1_141' title='bbox 793 1930 966 2015; x_wconf 80' lang='lat' dir='ltr'><strong>doctriua,</strong></span> <span class='ocrx_word' id='word_1_142' title='bbox 975 1930 1105 1998; x_wconf 89' lang='lat' dir='ltr'><strong>soilioet</strong></span> <span class='ocrx_word' id='word_1_143' title='bbox 1125 1932 1294 1999; x_wconf 85' lang='lat' dir='ltr'><strong>‘velooitas</strong></span> <span class='ocrx_word' id='word_1_144' title='bbox 1315 1935 1510 2018; x_wconf 89' lang='lat' dir='ltr'><strong>proourrit</strong></span> <span class='ocrx_word' id='word_1_145' title='bbox 1500 1959 1533 2001; x_wconf 93' lang='lat' dir='ltr'><strong>iii</strong></span> <span class='ocrx_word' id='word_1_146' title='bbox 1553 1933 1705 2022; x_wconf 88' lang='lat' dir='ltr'><strong>faoinus’,</strong></span> <span class='ocrx_word' id='word_1_147' title='bbox 1727 1963 1823 2028; x_wconf 82' lang='lat' dir='ltr'><strong>quam</strong></span> <span class='ocrx_word' id='word_1_148' title='bbox 1844 1950 1895 2008; x_wconf 88' lang='lat' dir='ltr'><strong>tu·</strong></span> 
     </span>
     <span class='ocr_line' id='line_1_15' title="bbox 296 2041 1895 2138; baseline 0.004 -29"><span class='ocrx_word' id='word_1_149' title='bbox 296 2045 336 2110; x_wconf 93' lang='lat' dir='ltr'><strong>lit</strong></span> <span class='ocrx_word' id='word_1_150' title='bbox 358 2043 555 2110; x_wconf 80' lang='lat' dir='ltr'><strong>sententiam</strong></span> <span class='ocrx_word' id='word_1_151' title='bbox 577 2041 783 2107; x_wconf 88' lang='lat' dir='ltr'><strong>Palladius</strong></span> <span class='ocrx_word' id='word_1_152' title='bbox 774 2063 807 2106; x_wconf 88' lang='lat' dir='ltr'><strong>iu</strong></span> <span class='ocrx_word' id='word_1_153' title='bbox 836 2041 935 2107; x_wconf 87' lang='lat' dir='ltr'><strong>simili</strong></span> <span class='ocrx_word' id='word_1_154' title='bbox 958 2065 1067 2108; x_wconf 87' lang='lat' dir='ltr'><strong>eausa.</strong></span> <span class='ocrx_word' id='word_1_155' title='bbox 1111 2041 1193 2108; x_wconf 86' lang='lat' dir='ltr'><strong>Erat</strong></span> <span class='ocrx_word' id='word_1_156' title='bbox 1219 2052 1345 2126; x_wconf 89' lang='lat' dir='ltr'><strong>autem,</strong></span> <span class='ocrx_word' id='word_1_157' title='bbox 1373 2046 1444 2109; x_wconf 92' lang='lat' dir='ltr'><strong>ut</strong></span> <span class='ocrx_word' id='word_1_158' title='bbox 1436 2069 1508 2131; x_wconf 89' lang='lat' dir='ltr'><strong>ipse</strong></span> <span class='ocrx_word' id='word_1_159' title='bbox 1535 2047 1660 2114; x_wconf 88' lang='lat' dir='ltr'><strong>fatetur</strong></span> <span class='ocrx_word' id='word_1_160' title='bbox 1681 2059 1796 2117; x_wconf 90' lang='lat' dir='ltr'><strong>auotor</strong></span> <span class='ocrx_word' id='word_1_161' title='bbox 1817 2075 1895 2138; x_wconf 91' lang='lat' dir='ltr'><strong>apo-</strong></span> 
     </span>
     <span class='ocr_line' id='line_1_16' title="bbox 300 2152 1895 2249; baseline 0.006 -29"><span class='ocrx_word' id='word_1_162' title='bbox 300 2155 429 2244; x_wconf 81' lang='lat' dir='ltr'><strong>graphi,</strong></span> <span class='ocrx_word' id='word_1_163' title='bbox 450 2176 513 2219; x_wconf 91' lang='lat' dir='ltr'><strong>iion</strong></span> <span class='ocrx_word' id='word_1_164' title='bbox 536 2153 670 2218; x_wconf 87' lang='lat' dir='ltr'><strong>multum</strong></span> <span class='ocrx_word' id='word_1_165' title='bbox 692 2152 850 2237; x_wconf 89' lang='lat' dir='ltr'><strong>temporis</strong></span> <span class='ocrx_word' id='word_1_166' title='bbox 873 2175 1065 2219; x_wconf 85' lang='lat' dir='ltr'><strong>ooueessuiii</strong></span> <span class='ocrx_word' id='word_1_167' title='bbox 1087 2155 1128 2218; x_wconf 88' lang='lat' dir='ltr'><strong>ad</strong></span> <span class='ocrx_word' id='word_1_168' title='bbox 1151 2154 1298 2220; x_wconf 89' lang='lat' dir='ltr'><strong>oodieem</strong></span> <span class='ocrx_word' id='word_1_169' title='bbox 1321 2158 1620 2242; x_wconf 78' lang='lat' dir='ltr'><strong>exscribendum,</strong></span> <span class='ocrx_word' id='word_1_170' title='bbox 1611 2181 1731 2249; x_wconf 88' lang='lat' dir='ltr'><strong>inquo</strong></span> <span class='ocrx_word' id='word_1_171' title='bbox 1753 2184 1817 2227; x_wconf 89' lang='lat' dir='ltr'><strong>non</strong></span> <span class='ocrx_word' id='word_1_172' title='bbox 1840 2165 1895 2230; x_wconf 84' lang='lat' dir='ltr'><strong>de·</strong></span> 
     </span>
     <span class='ocr_line' id='line_1_17' title="bbox 300 2263 1551 2350; baseline 0.002 -18"><span class='ocrx_word' id='word_1_173' title='bbox 300 2274 411 2332; x_wconf 84' lang='lat' dir='ltr'><strong>essent</strong></span> <span class='ocrx_word' id='word_1_174' title='bbox 431 2264 593 2332; x_wconf 78' lang='lat' dir='ltr'><strong>voeabula</strong></span> <span class='ocrx_word' id='word_1_175' title='bbox 614 2273 680 2328; x_wconf 84' lang='lat' dir='ltr'><strong>tum</strong></span> <span class='ocrx_word' id='word_1_176' title='bbox 703 2263 889 2344; x_wconf 76' lang='lat' dir='ltr'><strong>obliterata,</strong></span> <span class='ocrx_word' id='word_1_177' title='bbox 910 2271 947 2326; x_wconf 90' lang='lat' dir='ltr'><strong>ut</strong></span> <span class='ocrx_word' id='word_1_178' title='bbox 969 2264 1135 2331; x_wconf 75' lang='lat' dir='ltr'><strong>divinandi</strong></span> <span class='ocrx_word' id='word_1_179' title='bbox 1157 2269 1291 2350; x_wconf 81' lang='lat' dir='ltr'><strong>operum</strong></span> <span class='ocrx_word' id='word_1_180' title='bbox 1314 2267 1551 2336; x_wconf 80' lang='lat' dir='ltr'><strong>desiderarent.</strong></span> 
     </span>
    </p>

    <p class='ocr_par' dir='ltr' id='par_1_5' title="bbox 213 2373 1895 4130">
     <span class='ocr_line' id='line_1_18' title="bbox 354 2373 1895 2466; baseline 0.006 -27"><span class='ocrx_word' id='word_1_181' title='bbox 354 2445 357 2454; x_wconf 47' lang='grc'>,</span> <span class='ocrx_word' id='word_1_182' title='bbox 449 2375 667 2460; x_wconf 78' lang='lat' dir='ltr'><strong>Proper-utum</strong></span> <span class='ocrx_word' id='word_1_183' title='bbox 693 2373 794 2458; x_wconf 79' lang='lat' dir='ltr'><strong>igitur</strong></span> <span class='ocrx_word' id='word_1_184' title='bbox 820 2374 886 2438; x_wconf 89' lang='lat' dir='ltr'><strong>lioo</strong></span> <span class='ocrx_word' id='word_1_185' title='bbox 906 2373 1284 2461; x_wconf 75' lang='lat' dir='ltr'><strong>apogrupbum&#39;primus</strong></span> <span class='ocrx_word' id='word_1_186' title='bbox 1308 2379 1418 2445; x_wconf 81' lang='lat' dir='ltr'><strong>edidit</strong></span> <span class='ocrx_word' id='word_1_187' title='bbox 1437 2380 1665 2447; x_wconf 77' lang='lat' dir='ltr'><strong>Buissonndus</strong></span> <span class='ocrx_word' id='word_1_188' title='bbox 1688 2401 1776 2447; x_wconf 75' lang='lat' dir='ltr'><strong>anno</strong></span> <span class='ocrx_word' id='word_1_189' title='bbox 1801 2387 1895 2466; x_wconf 68' lang='lat' dir='ltr'><strong>lffl,</strong></span> 
     </span>
     <span class='ocr_line' id='line_1_19' title="bbox 299 2479 1894 2582; baseline 0.003 -28"><span class='ocrx_word' id='word_1_190' title='bbox 299 2489 359 2554; x_wconf 86' lang='lat' dir='ltr'><strong>sed</strong></span> <span class='ocrx_word' id='word_1_191' title='bbox 379 2488 485 2554; x_wconf 77' lang='lat' dir='ltr'><strong>edidit</strong></span> <span class='ocrx_word' id='word_1_192' title='bbox 507 2483 671 2552; x_wconf 80' lang='lat' dir='ltr'><strong>infaustae</strong></span> <span class='ocrx_word' id='word_1_193' title='bbox 693 2485 869 2549; x_wconf 82' lang='lat' dir='ltr'><strong>obseoutus</strong></span> <span class='ocrx_word' id='word_1_194' title='bbox 890 2483 1103 2551; x_wconf 81' lang='lat' dir='ltr'><strong>festinationi.</strong></span> <span class='ocrx_word' id='word_1_195' title='bbox 1148 2487 1210 2552; x_wconf 81' lang='lat' dir='ltr'><strong>Est</strong></span> <span class='ocrx_word' id='word_1_196' title='bbox 1231 2479 1310 2554; x_wconf 77' lang='lat' dir='ltr'><strong>saue</strong></span> <span class='ocrx_word' id='word_1_197' title='bbox 1332 2490 1388 2555; x_wconf 93' lang='lat' dir='ltr'><strong>ubi</strong></span> <span class='ocrx_word' id='word_1_198' title='bbox 1411 2489 1581 2558; x_wconf 81' lang='lat' dir='ltr'><strong>festinatio</strong></span> <span class='ocrx_word' id='word_1_199' title='bbox 1603 2494 1745 2582; x_wconf 81' lang='lat' dir='ltr'><strong>aliquam</strong></span> <span class='ocrx_word' id='word_1_200' title='bbox 1772 2494 1894 2560; x_wconf 70' lang='lat' dir='ltr'><strong>hatoni</strong></span> 
     </span>
     <span class='ocr_line' id='line_1_20' title="bbox 298 2592 1895 2689; baseline 0.002 -22"><span class='ocrx_word' id='word_1_201' title='bbox 298 2599 560 2678; x_wconf 80' lang='lat' dir='ltr'><strong>exeusationem,</strong></span> <span class='ocrx_word' id='word_1_202' title='bbox 593 2596 653 2662; x_wconf 82' lang='lat' dir='ltr'><strong>sod</strong></span> <span class='ocrx_word' id='word_1_203' title='bbox 680 2596 714 2659; x_wconf 90' lang='lat' dir='ltr'><strong>in</strong></span> <span class='ocrx_word' id='word_1_204' title='bbox 740 2596 847 2681; x_wconf 89' lang='lat' dir='ltr'><strong>prima</strong></span> <span class='ocrx_word' id='word_1_205' title='bbox 869 2592 1013 2664; x_wconf 85' lang='lat' dir='ltr'><strong>editions</strong></span> <span class='ocrx_word' id='word_1_206' title='bbox 1042 2601 1231 2664; x_wconf 81' lang='lat' dir='ltr'><strong>adornanda</strong></span> <span class='ocrx_word' id='word_1_207' title='bbox 1258 2598 1395 2684; x_wconf 81' lang='lat' dir='ltr'><strong>perinde</strong></span> <span class='ocrx_word' id='word_1_208' title='bbox 1417 2602 1519 2689; x_wconf 81' lang='lat' dir='ltr'><strong>atquo</strong></span> <span class='ocrx_word' id='word_1_209' title='bbox 1543 2603 1577 2667; x_wconf 83' lang='lat' dir='ltr'><strong>iii</strong></span> <span class='ocrx_word' id='word_1_210' title='bbox 1604 2605 1833 2670; x_wconf 80' lang='lat' dir='ltr'><strong>examinandis</strong></span> <span class='ocrx_word' id='word_1_211' title='bbox 1858 2611 1895 2670; x_wconf 84' lang='lat' dir='ltr'><strong>et</strong></span> 
     </span>
     <span class='ocr_line' id='line_1_21' title="bbox 299 2705 1895 2802; baseline 0.004 -28"><span class='ocrx_word' id='word_1_212' title='bbox 299 2707 527 2776; x_wconf 70' lang='lat' dir='ltr'><strong>describendis</strong></span> <span class='ocrx_word' id='word_1_213' title='bbox 555 2705 727 2772; x_wconf 82' lang='lat' dir='ltr'><strong>oodiuibus</strong></span> <span class='ocrx_word' id='word_1_214' title='bbox 753 2706 866 2792; x_wconf 78' lang='lat' dir='ltr'><strong>prison</strong></span> <span class='ocrx_word' id='word_1_215' title='bbox 883 2727 991 2773; x_wconf 46' lang='lat' dir='ltr'><strong>‘manu</strong></span> <span class='ocrx_word' id='word_1_216' title='bbox 1015 2711 1181 2792; x_wconf 70' lang='lat' dir='ltr'><strong>exaratis,</strong></span> <span class='ocrx_word' id='word_1_217' title='bbox 1209 2710 1237 2774; x_wconf 90' lang='lat' dir='ltr'><strong>si</strong></span> <span class='ocrx_word' id='word_1_218' title='bbox 1259 2709 1487 2796; x_wconf 70' lang='lat' dir='ltr'><strong>festinaveris,</strong></span> <span class='ocrx_word' id='word_1_219' title='bbox 1513 2717 1629 2802; x_wconf 57' lang='lat' dir='ltr'><strong>‘iisque</strong></span> <span class='ocrx_word' id='word_1_220' title='bbox 1643 2717 1758 2783; x_wconf 82' lang='lat' dir='ltr'><strong>venine</strong></span> <span class='ocrx_word' id='word_1_221' title='bbox 1785 2721 1895 2802; x_wconf 75' lang='lat' dir='ltr'><strong>neque*</strong></span> 
     </span>
     <span class='ocr_line' id='line_1_22' title="bbox 298 2816 1895 2914; baseline 0.003 -28"><span class='ocrx_word' id='word_1_222' title='bbox 298 2819 503 2886; x_wconf 76' lang='lat' dir='ltr'><strong>excusationi</strong></span> <span class='ocrx_word' id='word_1_223' title='bbox 530 2817 622 2894; x_wconf 84' lang='lat' dir='ltr'><strong>loous</strong></span> <span class='ocrx_word' id='word_1_224' title='bbox 650 2825 710 2884; x_wconf 87' lang='lat' dir='ltr'><strong>est.</strong></span> <span class='ocrx_word' id='word_1_225' title='bbox 764 2817 860 2884; x_wconf 85' lang='lat' dir='ltr'><strong>Haeo</strong></span> <span class='ocrx_word' id='word_1_226' title='bbox 888 2819 989 2885; x_wconf 86' lang='lat' dir='ltr'><strong>editio</strong></span> <span class='ocrx_word' id='word_1_227' title='bbox 1016 2819 1139 2906; x_wconf 75' lang='lat' dir='ltr'><strong>gallina</strong></span> <span class='ocrx_word' id='word_1_228' title='bbox 1166 2821 1285 2910; x_wconf 77' lang='lat' dir='ltr'><strong>gallina</strong></span> <span class='ocrx_word' id='word_1_229' title='bbox 1316 2816 1432 2914; x_wconf 79' lang='lat' dir='ltr'><strong>oruntu</strong></span> <span class='ocrx_word' id='word_1_230' title='bbox 1460 2832 1494 2890; x_wconf 81' lang='grc' dir='ltr'><strong>ιι</strong></span> <span class='ocrx_word' id='word_1_231' title='bbox 1518 2827 1625 2910; x_wconf 84' lang='lat' dir='ltr'><strong>pretio</strong></span> <span class='ocrx_word' id='word_1_232' title='bbox 1654 2827 1793 2914; x_wconf 70' lang='lat' dir='ltr'><strong>insignis</strong></span> <span class='ocrx_word' id='word_1_233' title='bbox 1820 2847 1895 2890; x_wconf 86' lang='grc' dir='ltr'>ιιιιιι</span> 
     </span>
     <span class='ocr_line' id='line_1_23' title="bbox 297 2921 1895 3022; baseline 0.004 -26"><span class='ocrx_word' id='word_1_234' title='bbox 297 2921 457 3018; x_wconf 81' lang='lat' dir='ltr'><strong>prineipis</strong></span> <span class='ocrx_word' id='word_1_235' title='bbox 481 2930 601 2994; x_wconf 82' lang='lat' dir='ltr'><strong>debeat</strong></span> <span class='ocrx_word' id='word_1_236' title='bbox 623 2929 746 2996; x_wconf 87' lang='lat' dir='ltr'><strong>honore</strong></span> <span class='ocrx_word' id='word_1_237' title='bbox 769 2931 916 3014; x_wconf 81' lang='lat' dir='ltr'><strong>oensuri,</strong></span> <span class='ocrx_word' id='word_1_238' title='bbox 941 2932 1065 2996; x_wconf 75' lang='lat' dir='ltr'><strong>nostris</strong></span> <span class='ocrx_word' id='word_1_239' title='bbox 1086 2939 1195 2998; x_wconf 76' lang='lat' dir='ltr'><strong>tniiien</strong></span> <span class='ocrx_word' id='word_1_240' title='bbox 1217 2933 1403 3000; x_wconf 75' lang='lat' dir='ltr'><strong>bominibus</strong></span> <span class='ocrx_word' id='word_1_241' title='bbox 1423 2934 1558 3022; x_wconf 84' lang='lat' dir='ltr'><strong>probari</strong></span> <span class='ocrx_word' id='word_1_242' title='bbox 1584 2957 1648 3002; x_wconf 88' lang='lat' dir='ltr'><strong>uon</strong></span> <span class='ocrx_word' id='word_1_243' title='bbox 1670 2938 1787 3022; x_wconf 86' lang='lat' dir='ltr'><strong>potuit</strong></span> <span class='ocrx_word' id='word_1_244' title='bbox 1819 2957 1895 3002; x_wconf 71' lang='lat' dir='ltr'><strong>mii·</strong></span> 
     </span>
     <span class='ocr_line' id='line_1_24' title="bbox 213 3023 1894 3133; baseline 0.002 -27"><span class='ocrx_word' id='word_1_245' title='bbox 213 3032 216 3038; x_wconf 71' lang='grc'><strong>’</strong></span> <span class='ocrx_word' id='word_1_246' title='bbox 296 3055 416 3128; x_wconf 71' lang='lat' dir='ltr'><strong>magno</strong></span> <span class='ocrx_word' id='word_1_247' title='bbox 440 3042 540 3128; x_wconf 75' lang='lat' dir='ltr'><strong>igitur</strong></span> <span class='ocrx_word' id='word_1_248' title='bbox 561 3041 676 3106; x_wconf 81' lang='lat' dir='ltr'><strong>Babrii</strong></span> <span class='ocrx_word' id='word_1_249' title='bbox 699 3023 917 3108; x_wconf 78' lang='lat' dir='ltr'><strong>emolumento</strong></span> <span class='ocrx_word' id='word_1_250' title='bbox 940 3043 1066 3126; x_wconf 72' lang='lat' dir='ltr'><strong>etenit,</strong></span> <span class='ocrx_word' id='word_1_251' title='bbox 1094 3051 1131 3108; x_wconf 90' lang='lat' dir='ltr'><strong>ut</strong></span> <span class='ocrx_word' id='word_1_252' title='bbox 1157 3045 1310 3112; x_wconf 83' lang='lat' dir='ltr'><strong>contiuuo</strong></span> <span class='ocrx_word' id='word_1_253' title='bbox 1330 3048 1420 3133; x_wconf 81' lang='lat' dir='ltr'><strong>apud</strong></span> <span class='ocrx_word' id='word_1_254' title='bbox 1440 3045 1623 3112; x_wconf 75' lang='lat' dir='ltr'><strong>Gariennos</strong></span> <span class='ocrx_word' id='word_1_255' title='bbox 1644 3044 1830 3132; x_wconf 87' lang='lat' dir='ltr'><strong>prinoipuin</strong></span> <span class='ocrx_word' id='word_1_256' title='bbox 1858 3046 1894 3110; x_wconf 89' lang='lat' dir='ltr'><strong>iii</strong></span> 
     </span>
     <span class='ocr_line' id='line_1_25' title="bbox 298 3145 1891 3245; baseline 0.002 -26"><span class='ocrx_word' id='word_1_257' title='bbox 298 3155 384 3220; x_wconf 84' lang='lat' dir='ltr'><strong>omni</strong></span> <span class='ocrx_word' id='word_1_258' title='bbox 410 3149 581 3218; x_wconf 77' lang='lat' dir='ltr'><strong>litoinrom</strong></span> <span class='ocrx_word' id='word_1_259' title='bbox 605 3145 730 3240; x_wconf 74' lang='lat' dir='ltr'><strong>geuene</strong></span> <span class='ocrx_word' id='word_1_260' title='bbox 754 3154 899 3220; x_wconf 84' lang='lat' dir='ltr'><strong>virorum</strong></span> <span class='ocrx_word' id='word_1_261' title='bbox 923 3153 1036 3219; x_wconf 87' lang='lat' dir='ltr'><strong>studia</strong></span> <span class='ocrx_word' id='word_1_262' title='bbox 1063 3155 1105 3219; x_wconf 82' lang='lat' dir='ltr'><strong>ad</strong></span> <span class='ocrx_word' id='word_1_263' title='bbox 1132 3156 1317 3243; x_wconf 76' lang='lat' dir='ltr'><strong>augendum</strong></span> <span class='ocrx_word' id='word_1_264' title='bbox 1347 3159 1637 3245; x_wconf 41' lang='lat' dir='ltr'><strong>lexoinoudumque</strong></span> <span class='ocrx_word' id='word_1_265' title='bbox 1662 3158 1891 3222; x_wconf 73' lang='lat' dir='ltr'><strong>renaseuntur</strong></span> 
     </span>
     <span class='ocr_line' id='line_1_26' title="bbox 296 3263 1891 3351; baseline -0.002 -18"><span class='ocrx_word' id='word_1_266' title='bbox 296 3266 566 3351; x_wconf 75' lang='lat' dir='ltr'><strong>iambograplimu</strong></span> <span class='ocrx_word' id='word_1_267' title='bbox 581 3263 671 3328; x_wconf 85' lang='lat' dir='ltr'><strong>illam</strong></span> <span class='ocrx_word' id='word_1_268' title='bbox 685 3266 940 3330; x_wconf 85' lang='lat' dir='ltr'><strong>ounoitarentur.</strong></span> <span class='ocrx_word' id='word_1_269' title='bbox 975 3263 1048 3331; x_wconf 84' lang='lat' dir='ltr'><strong>Viri</strong></span> <span class='ocrx_word' id='word_1_270' title='bbox 1062 3266 1223 3332; x_wconf 84' lang='lat' dir='ltr'><strong>tutelares</strong></span> <span class='ocrx_word' id='word_1_271' title='bbox 1239 3269 1436 3334; x_wconf 72' lang='lat' dir='ltr'><strong>exstiterunt</strong></span> <span class='ocrx_word' id='word_1_272' title='bbox 1456 3267 1699 3335; x_wconf 83' lang='lat' dir='ltr'><strong>IBekkerus</strong></span> <span class='ocrx_word' id='word_1_273' title='bbox 1722 3265 1891 3332; x_wconf 68' lang='lat' dir='ltr'><strong>Genou-</strong></span> 
     </span>
     <span class='ocr_line' id='line_1_27' title="bbox 294 3373 1893 3468; baseline -0.003 -24"><span class='ocrx_word' id='word_1_274' title='bbox 294 3397 455 3444; x_wconf 85' lang='lat' dir='ltr'><strong>iiionnus</strong></span> <span class='ocrx_word' id='word_1_275' title='bbox 471 3375 764 3442; x_wconf 74' lang='lat' dir='ltr'><strong>Gldermaiinus</strong></span> <span class='ocrx_word' id='word_1_276' title='bbox 785 3374 1061 3440; x_wconf 81' lang='lat' dir='ltr'><strong>Adleineliius</strong></span> <span class='ocrx_word' id='word_1_277' title='bbox 1094 3373 1196 3461; x_wconf 63' lang='lat' dir='ltr'><strong>aliti)</strong></span> <span class='ocrx_word' id='word_1_278' title='bbox 1231 3379 1395 3464; x_wconf 71' lang='lat' dir='ltr'><strong>Aquibus</strong></span> <span class='ocrx_word' id='word_1_279' title='bbox 1410 3381 1539 3468; x_wconf 84' lang='lat' dir='ltr'><strong>quidem</strong></span> <span class='ocrx_word' id='word_1_280' title='bbox 1556 3379 1611 3466; x_wconf 89' lang='lat' dir='ltr'><strong>qui</strong></span> <span class='ocrx_word' id='word_1_281' title='bbox 1625 3377 1820 3464; x_wconf 79' lang='lat' dir='ltr'><strong>eognoierit</strong></span> <span class='ocrx_word' id='word_1_282' title='bbox 1832 3399 1893 3462; x_wconf 46' lang='lat' dir='ltr'><strong>pas</strong></span> 
     </span>
     <span class='ocr_line' id='line_1_28' title="bbox 295 3477 1891 3578; baseline -0.003 -22"><span class='ocrx_word' id='word_1_283' title='bbox 295 3477 469 3556; x_wconf 88' lang='lat' dir='ltr'><strong>trooinium</strong></span> <span class='ocrx_word' id='word_1_284' title='bbox 483 3487 588 3554; x_wconf 86' lang='lat' dir='ltr'><strong>fuisse</strong></span> <span class='ocrx_word' id='word_1_285' title='bbox 607 3494 799 3572; x_wconf 75' lang='lat' dir='ltr'><strong>susceptum</strong></span> <span class='ocrx_word' id='word_1_286' title='bbox 819 3483 912 3570; x_wconf 85' lang='lat' dir='ltr'><strong>illud,</strong></span> <span class='ocrx_word' id='word_1_287' title='bbox 937 3488 966 3551; x_wconf 87' lang='lat' dir='ltr'><strong>is</strong></span> <span class='ocrx_word' id='word_1_288' title='bbox 981 3487 1131 3552; x_wconf 87' lang='lat' dir='ltr'><strong>nimirum</strong></span> <span class='ocrx_word' id='word_1_289' title='bbox 1151 3486 1325 3572; x_wconf 73' lang='lat' dir='ltr'><strong>inted‘iget&#39;,</strong></span> <span class='ocrx_word' id='word_1_290' title='bbox 1346 3491 1426 3578; x_wconf 86' lang='lat' dir='ltr'><strong>quid</strong></span> <span class='ocrx_word' id='word_1_291' title='bbox 1445 3492 1500 3573; x_wconf 87' lang='lat' dir='ltr'><strong>sit,</strong></span> <span class='ocrx_word' id='word_1_292' title='bbox 1520 3511 1580 3556; x_wconf 83' lang='lat' dir='ltr'><strong>eur</strong></span> <span class='ocrx_word' id='word_1_293' title='bbox 1599 3490 1804 3556; x_wconf 79' lang='lat' dir='ltr'><strong>abstineatur</strong></span> <span class='ocrx_word' id='word_1_294' title='bbox 1824 3488 1891 3553; x_wconf 83' lang='lat' dir='ltr'><strong>hou</strong></span> 
     </span>
     <span class='ocr_line' id='line_1_29' title="bbox 296 3597 1892 3694; baseline 0 -30"><span class='ocrx_word' id='word_1_295' title='bbox 296 3601 370 3668; x_wconf 86' lang='lat' dir='ltr'><strong>loeo</strong></span> <span class='ocrx_word' id='word_1_296' title='bbox 392 3619 413 3666; x_wconf 86' lang='grc' dir='ltr'><strong>ιι</strong></span> <span class='ocrx_word' id='word_1_297' title='bbox 434 3599 589 3665; x_wconf 77' lang='lat' dir='ltr'><strong>laudandi</strong></span> <span class='ocrx_word' id='word_1_298' title='bbox 610 3599 759 3664; x_wconf 81' lang='lat' dir='ltr'><strong>oonsilio.</strong></span> <span class='ocrx_word' id='word_1_299' title='bbox 786 3618 895 3686; x_wconf 76' lang='lat' dir='ltr'><strong>nequo</strong></span> <span class='ocrx_word' id='word_1_300' title='bbox 918 3599 1005 3664; x_wconf 82' lang='lat' dir='ltr'><strong>enim</strong></span> <span class='ocrx_word' id='word_1_301' title='bbox 1027 3598 1162 3664; x_wconf 87' lang='lat' dir='ltr'><strong>ouilibet</strong></span> <span class='ocrx_word' id='word_1_302' title='bbox 1184 3619 1375 3694; x_wconf 74' lang='lat' dir='ltr'><strong>mneepsum</strong></span> <span class='ocrx_word' id='word_1_303' title='bbox 1399 3615 1456 3667; x_wconf 78' lang='lat' dir='ltr'><strong>ost·</strong></span> <span class='ocrx_word' id='word_1_304' title='bbox 1476 3623 1614 3686; x_wconf 76' lang='lat' dir='ltr'><strong>ningues</strong></span> <span class='ocrx_word' id='word_1_305' title='bbox 1633 3597 1723 3668; x_wconf 80' lang='lat' dir='ltr'><strong>viros</strong></span> <span class='ocrx_word' id='word_1_306' title='bbox 1743 3601 1892 3668; x_wconf 71' lang='lat' dir='ltr'><strong>laudaro:</strong></span> 
     </span>
     <span class='ocr_line' id='line_1_30' title="bbox 296 3695 1888 3795; baseline -0.002 -19"><span class='ocrx_word' id='word_1_307' title='bbox 296 3714 356 3776; x_wconf 85' lang='lat' dir='ltr'><strong>sed</strong></span> <span class='ocrx_word' id='word_1_308' title='bbox 377 3714 442 3778; x_wconf 85' lang='lat' dir='ltr'><strong>hoo</strong></span> <span class='ocrx_word' id='word_1_309' title='bbox 455 3709 529 3776; x_wconf 85' lang='lat' dir='ltr'><strong>fieri</strong></span> <span class='ocrx_word' id='word_1_310' title='bbox 551 3705 640 3791; x_wconf 86' lang='lat' dir='ltr'><strong>lieet,</strong></span> <span class='ocrx_word' id='word_1_311' title='bbox 662 3716 778 3795; x_wconf 83' lang='lat' dir='ltr'><strong>utque</strong></span> <span class='ocrx_word' id='word_1_312' title='bbox 800 3725 860 3794; x_wconf 81' lang='lat' dir='ltr'><strong>pai·</strong></span> <span class='ocrx_word' id='word_1_313' title='bbox 881 3718 934 3775; x_wconf 87' lang='lat' dir='ltr'><strong>ost</strong></span> <span class='ocrx_word' id='word_1_314' title='bbox 954 3710 1116 3776; x_wconf 83' lang='lat' dir='ltr'><strong>modestia</strong></span> <span class='ocrx_word' id='word_1_315' title='bbox 1132 3709 1303 3794; x_wconf 85' lang='lat' dir='ltr'><strong>dispiuies,</strong></span> <span class='ocrx_word' id='word_1_316' title='bbox 1324 3712 1430 3778; x_wconf 84' lang='lat' dir='ltr'><strong>sienbi</strong></span> <span class='ocrx_word' id='word_1_317' title='bbox 1452 3713 1539 3785; x_wconf 81' lang='lat' dir='ltr'><strong>foeta</strong></span> <span class='ocrx_word' id='word_1_318' title='bbox 1554 3711 1723 3777; x_wconf 75' lang='lat' dir='ltr'><strong>Rubriano</strong></span> <span class='ocrx_word' id='word_1_319' title='bbox 1740 3695 1792 3774; x_wconf 86' lang='lat' dir='ltr'><strong>¹illi</strong></span> <span class='ocrx_word' id='word_1_320' title='bbox 1814 3710 1888 3795; x_wconf 86' lang='lat' dir='ltr'><strong>ipsu</strong></span> 
     </span>
     <span class='ocr_line' id='line_1_31' title="bbox 296 3820 1888 3909; baseline -0.003 -20"><span class='ocrx_word' id='word_1_321' title='bbox 296 3829 429 3889; x_wconf 84' lang='lat' dir='ltr'><strong>auetore</strong></span> <span class='ocrx_word' id='word_1_322' title='bbox 449 3825 624 3896; x_wconf 74' lang='lat' dir='ltr'><strong>videantur</strong></span> <span class='ocrx_word' id='word_1_323' title='bbox 645 3820 798 3886; x_wconf 84' lang='lat' dir='ltr'><strong>etleoisso</strong></span> <span class='ocrx_word' id='word_1_324' title='bbox 820 3821 1106 3907; x_wconf 74' lang='lat' dir='ltr'><strong>praestantiora,</strong></span> <span class='ocrx_word' id='word_1_325' title='bbox 1098 3843 1218 3909; x_wconf 81' lang='lat' dir='ltr'><strong>inquo</strong></span> <span class='ocrx_word' id='word_1_326' title='bbox 1236 3823 1384 3908; x_wconf 88' lang='lat' dir='ltr'><strong>ipsoram</strong></span> <span class='ocrx_word' id='word_1_327' title='bbox 1406 3823 1539 3909; x_wconf 79' lang='lat' dir='ltr'><strong>planitie</strong></span> <span class='ocrx_word' id='word_1_328' title='bbox 1559 3821 1802 3908; x_wconf 78' lang='lat' dir='ltr'><strong>obtemperabis</strong></span> <span class='ocrx_word' id='word_1_329' title='bbox 1824 3823 1888 3888; x_wconf 84' lang='lat' dir='ltr'><strong>rir-</strong></span> 
     </span>
     <span class='ocr_line' id='line_1_32' title="bbox 293 3921 1891 4062; baseline -0.003 -61"><span class='ocrx_word' id='word_1_330' title='bbox 293 3921 396 4002; x_wconf 85' lang='lat' dir='ltr'><strong>tuteiii</strong></span> <span class='ocrx_word' id='word_1_331' title='bbox 417 3936 518 4020; x_wconf 79' lang='lat' dir='ltr'><strong>adeo,</strong></span> <span class='ocrx_word' id='word_1_332' title='bbox 546 3935 575 4000; x_wconf 87' lang='lat' dir='ltr'><strong>si</strong></span> <span class='ocrx_word' id='word_1_333' title='bbox 598 3935 642 4000; x_wconf 84' lang='lat' dir='ltr'><strong>sit</strong></span> <span class='ocrx_word' id='word_1_334' title='bbox 662 3933 837 4016; x_wconf 81' lang='lat' dir='ltr'><strong>damnosa,</strong></span> <span class='ocrx_word' id='word_1_335' title='bbox 856 3933 1085 4006; x_wconf 71' lang='lat' dir='ltr'><strong>recusantium</strong></span> <span class='ocrx_word' id='word_1_336' title='bbox 1117 3933 1198 3998; x_wconf 85' lang='lat' dir='ltr'><strong>lieet</strong></span> <span class='ocrx_word' id='word_1_337' title='bbox 1217 3932 1317 4062; x_wconf 82' lang='grc' dir='ltr'>ιιὶιιιιι</span> <span class='ocrx_word' id='word_1_338' title='bbox 1338 3937 1455 4020; x_wconf 85' lang='lat' dir='ltr'><strong>paneis</strong></span> <span class='ocrx_word' id='word_1_339' title='bbox 1475 3936 1653 4014; x_wconf 66' lang='lat' dir='ltr'><strong>inuium,</strong></span> <span class='ocrx_word' id='word_1_340' title='bbox 1660 3933 1739 4020; x_wconf 88' lang='lat' dir='ltr'><strong>quid</strong></span> <span class='ocrx_word' id='word_1_341' title='bbox 1761 3931 1891 4018; x_wconf 76' lang='lat' dir='ltr'><strong>negotii</strong></span> 
     </span>
     <span class='ocr_line' id='line_1_33' title="bbox 294 4043 902 4130; baseline -0.012 -16"><span class='ocrx_word' id='word_1_342' title='bbox 294 4070 375 4114; x_wconf 85' lang='lat' dir='ltr'><strong>eura</strong></span> <span class='ocrx_word' id='word_1_343' title='bbox 397 4046 588 4123; x_wconf 87' lang='lat' dir='ltr'><strong>emendandi</strong></span> <span class='ocrx_word' id='word_1_344' title='bbox 611 4043 668 4110; x_wconf 86' lang='lat' dir='ltr'><strong>illa</strong></span> <span class='ocrx_word' id='word_1_345' title='bbox 690 4046 850 4130; x_wconf 77' lang='lat' dir='ltr'><strong>exegerit</strong></span> <span class='ocrx_word' id='word_1_346' title='bbox 898 4091 902 4098; x_wconf 78' lang='lat'><strong>,</strong></span> 
     </span>
    </p>

    <p class='ocr_par' dir='ltr' id='par_1_6' title="bbox 292 4101 1888 4694">
     <span class='ocr_line' id='line_1_34' title="bbox 444 4101 1886 4244; baseline -0.004 -22"><span class='ocrx_word' id='word_1_347' title='bbox 444 4157 559 4222; x_wconf 69' lang='lat' dir='ltr'><strong>unuin</strong></span> <span class='ocrx_word' id='word_1_348' title='bbox 581 4157 770 4222; x_wconf 70' lang='lat' dir='ltr'><strong>imtliiambi</strong></span> <span class='ocrx_word' id='word_1_349' title='bbox 794 4157 877 4222; x_wconf 78' lang='lat' dir='ltr'><strong>bano</strong></span> <span class='ocrx_word' id='word_1_350' title='bbox 896 4155 1041 4222; x_wconf 81' lang='lat' dir='ltr'><strong>tulerunt</strong></span> <span class='ocrx_word' id='word_1_351' title='bbox 1060 4157 1162 4221; x_wconf 82' lang='lat' dir='ltr'><strong>sortis</strong></span> <span class='ocrx_word' id='word_1_352' title='bbox 1183 4156 1403 4244; x_wconf 81' lang='lat' dir='ltr'><strong>iniquitatem,</strong></span> <span class='ocrx_word' id='word_1_353' title='bbox 1432 4165 1468 4222; x_wconf 91' lang='lat' dir='ltr'><strong>ut</strong></span> <span class='ocrx_word' id='word_1_354' title='bbox 1489 4159 1625 4242; x_wconf 73' lang='lat' dir='ltr'><strong>abipso</strong></span> <span class='ocrx_word' id='word_1_355' title='bbox 1648 4163 1721 4220; x_wconf 82' lang='lat' dir='ltr'><strong>ortu</strong></span> <span class='ocrx_word' id='word_1_356' title='bbox 1742 4101 1886 4239; x_wconf 81' lang='lat' dir='ltr'><strong>maligna</strong></span> 
     </span>
     <span class='ocr_line' id='line_1_35' title="bbox 294 4263 1888 4359; baseline -0.008 -19"><span class='ocrx_word' id='word_1_357' title='bbox 294 4272 348 4340; x_wconf 87' lang='lat' dir='ltr'><strong>vel</strong></span> <span class='ocrx_word' id='word_1_358' title='bbox 370 4269 603 4337; x_wconf 73' lang='lat' dir='ltr'><strong>aemulatorum</strong></span> <span class='ocrx_word' id='word_1_359' title='bbox 626 4268 679 4334; x_wconf 77' lang='lat' dir='ltr'><strong>rol</strong></span> <span class='ocrx_word' id='word_1_360' title='bbox 701 4267 896 4332; x_wconf 85' lang='lat' dir='ltr'><strong>imitatorum</strong></span> <span class='ocrx_word' id='word_1_361' title='bbox 918 4285 1014 4332; x_wconf 80' lang='lat' dir='ltr'><strong>iaaiiu</strong></span> <span class='ocrx_word' id='word_1_362' title='bbox 1036 4269 1283 4353; x_wconf 64' lang='lat' dir='ltr'><strong>surriperentur,</strong></span> <span class='ocrx_word' id='word_1_363' title='bbox 1312 4275 1348 4332; x_wconf 89' lang='lat' dir='ltr'><strong>ut</strong></span> <span class='ocrx_word' id='word_1_364' title='bbox 1369 4267 1535 4359; x_wconf 83' lang='lat' dir='ltr'><strong>aliquanto</strong></span> <span class='ocrx_word' id='word_1_365' title='bbox 1556 4271 1632 4352; x_wconf 80' lang='lat' dir='ltr'><strong>poet</strong></span> <span class='ocrx_word' id='word_1_366' title='bbox 1655 4266 1793 4352; x_wconf 84' lang='lat' dir='ltr'><strong>primam</strong></span> <span class='ocrx_word' id='word_1_367' title='bbox 1817 4263 1888 4329; x_wconf 85' lang='lat' dir='ltr'><strong>edi-</strong></span> 
     </span>
     <span class='ocr_line' id='line_1_36' title="bbox 292 4359 1886 4470; baseline -0.006 -23"><span class='ocrx_word' id='word_1_368' title='bbox 292 4384 425 4450; x_wconf 85' lang='lat' dir='ltr'><strong>tionem·</strong></span> <span class='ocrx_word' id='word_1_369' title='bbox 438 4382 534 4470; x_wconf 83' lang='lat' dir='ltr'><strong>quasi</strong></span> <span class='ocrx_word' id='word_1_370' title='bbox 555 4381 643 4445; x_wconf 87' lang='lat' dir='ltr'><strong>onris</strong></span> <span class='ocrx_word' id='word_1_371' title='bbox 665 4379 817 4445; x_wconf 74' lang='lat' dir='ltr'><strong>secundis</strong></span> <span class='ocrx_word' id='word_1_372' title='bbox 838 4359 1027 4446; x_wconf 77' lang='lat' dir='ltr'><strong>vindicandi</strong></span> <span class='ocrx_word' id='word_1_373' title='bbox 1048 4379 1090 4445; x_wconf 87' lang='lat' dir='ltr'><strong>ab</strong></span> <span class='ocrx_word' id='word_1_374' title='bbox 1113 4380 1220 4444; x_wconf 77' lang='lat' dir='ltr'><strong>alieno</strong></span> <span class='ocrx_word' id='word_1_375' title='bbox 1241 4387 1359 4446; x_wconf 81' lang='lat' dir='ltr'><strong>ornatu</strong></span> <span class='ocrx_word' id='word_1_376' title='bbox 1375 4381 1573 4461; x_wconf 82' lang='lat' dir='ltr'><strong>viderentur,</strong></span> <span class='ocrx_word' id='word_1_377' title='bbox 1589 4399 1659 4465; x_wconf 75' lang='lat' dir='ltr'><strong>qua</strong></span> <span class='ocrx_word' id='word_1_378' title='bbox 1680 4399 1717 4443; x_wconf 85' lang='lat' dir='ltr'><strong>re</strong></span> <span class='ocrx_word' id='word_1_379' title='bbox 1738 4395 1803 4439; x_wconf 90' lang='lat' dir='ltr'><strong>nou</strong></span> <span class='ocrx_word' id='word_1_380' title='bbox 1825 4374 1886 4438; x_wconf 67' lang='lat' dir='ltr'><strong>iiii»</strong></span> 
     </span>
     <span class='ocr_line' id='line_1_37' title="bbox 295 4483 1883 4586; baseline -0.007 -27"><span class='ocrx_word' id='word_1_381' title='bbox 295 4495 466 4586; x_wconf 83' lang='lat' dir='ltr'><strong>probabile</strong></span> <span class='ocrx_word' id='word_1_382' title='bbox 487 4501 541 4558; x_wconf 87' lang='lat' dir='ltr'><strong>est</strong></span> <span class='ocrx_word' id='word_1_383' title='bbox 562 4491 737 4574; x_wconf 81' lang='lat' dir='ltr'><strong>aoeidisso,</strong></span> <span class='ocrx_word' id='word_1_384' title='bbox 757 4499 794 4555; x_wconf 89' lang='lat' dir='ltr'><strong>ut</strong></span> <span class='ocrx_word' id='word_1_385' title='bbox 815 4491 931 4576; x_wconf 87' lang='lat' dir='ltr'><strong>primis</strong></span> <span class='ocrx_word' id='word_1_386' title='bbox 953 4491 1018 4556; x_wconf 86' lang='lat' dir='ltr'><strong>iani</strong></span> <span class='ocrx_word' id='word_1_387' title='bbox 1039 4492 1252 4576; x_wconf 71' lang='lat' dir='ltr'><strong>tenporibus,</strong></span> <span class='ocrx_word' id='word_1_388' title='bbox 1271 4492 1329 4579; x_wconf 86' lang='lat' dir='ltr'><strong>qui</strong></span> <span class='ocrx_word' id='word_1_389' title='bbox 1351 4487 1473 4558; x_wconf 55' lang='lat' dir='ltr'><strong>Rubrii*</strong></span> <span class='ocrx_word' id='word_1_390' title='bbox 1488 4497 1600 4556; x_wconf 83' lang='lat' dir='ltr'><strong>esseut</strong></span> <span class='ocrx_word' id='word_1_391' title='bbox 1621 4498 1656 4556; x_wconf 90' lang='lat' dir='ltr'><strong>et</strong></span> <span class='ocrx_word' id='word_1_392' title='bbox 1676 4485 1731 4574; x_wconf 90' lang='lat' dir='ltr'><strong>qui</strong></span> <span class='ocrx_word' id='word_1_393' title='bbox 1752 4487 1796 4550; x_wconf 81' lang='lat' dir='ltr'><strong>ad</strong></span> <span class='ocrx_word' id='word_1_394' title='bbox 1818 4483 1883 4549; x_wconf 75' lang='lat' dir='ltr'><strong>ua-</strong></span> 
     </span>
     <span class='ocr_line' id='line_1_38' title="bbox 296 4595 1884 4694; baseline -0.006 -24"><span class='ocrx_word' id='word_1_395' title='bbox 296 4604 359 4670; x_wconf 79' lang='lat' dir='ltr'><strong>brii</strong></span> <span class='ocrx_word' id='word_1_396' title='bbox 381 4605 568 4694; x_wconf 86' lang='lat' dir='ltr'><strong>exemplum</strong></span> <span class='ocrx_word' id='word_1_397' title='bbox 591 4599 797 4686; x_wconf 74' lang='lat' dir='ltr'><strong>conformati,</strong></span> <span class='ocrx_word' id='word_1_398' title='bbox 818 4599 1031 4670; x_wconf 83' lang='lat' dir='ltr'><strong>dubitaretur.</strong></span> <span class='ocrx_word' id='word_1_399' title='bbox 1076 4601 1170 4675; x_wconf 72' lang='lat' dir='ltr'><strong>(tuae</strong></span> <span class='ocrx_word' id='word_1_400' title='bbox 1190 4605 1312 4670; x_wconf 83' lang='lat' dir='ltr'><strong>deindo</strong></span> <span class='ocrx_word' id='word_1_401' title='bbox 1334 4605 1430 4670; x_wconf 81' lang='lat' dir='ltr'><strong>aeota</strong></span> <span class='ocrx_word' id='word_1_402' title='bbox 1452 4600 1611 4668; x_wconf 87' lang='lat' dir='ltr'><strong>dubitatio</strong></span> <span class='ocrx_word' id='word_1_403' title='bbox 1633 4605 1695 4680; x_wconf 85' lang='lat' dir='ltr'><strong>est,</strong></span> <span class='ocrx_word' id='word_1_404' title='bbox 1722 4595 1884 4664; x_wconf 81' lang='lat' dir='ltr'><strong>eumool·</strong></span> 
     </span>
    </p>
   </div>
   <div class='ocr_carea' id='block_1_4' title="bbox 221 4815 1772 4912">
    <p class='ocr_par' dir='ltr' id='par_1_7' title="bbox 221 4805 1772 4912">
     <span class='ocr_line' id='line_1_39' title="bbox 221 4815 1772 4912; baseline 0.012 -21"><span class='ocrx_word' id='word_1_405' title='bbox 221 4867 225 4880; x_wconf 77' lang='lat'><em>·</em></span> <span class='ocrx_word' id='word_1_406' title='bbox 399 4831 582 4910; x_wconf 70' lang='grc' dir='ltr'><strong>Ιιιιιιιιιιί</strong></span> <span class='ocrx_word' id='word_1_407' title='bbox 600 4837 706 4897; x_wconf 64' lang='lat' dir='ltr'><strong>fabulae</strong></span> <span class='ocrx_word' id='word_1_408' title='bbox 725 4838 1111 4912; x_wconf 66' lang='lat' dir='ltr'><strong>Aesopeaeidliatfiniannns</strong></span> <span class='ocrx_word' id='word_1_409' title='bbox 1129 4855 1158 4896; x_wconf 84' lang='grc' dir='ltr'><strong>ιι</strong></span> <span class='ocrx_word' id='word_1_410' title='bbox 1175 4843 1252 4897; x_wconf 77' lang='lat' dir='ltr'><strong>umidi</strong></span> <span class='ocrx_word' id='word_1_411' title='bbox 1272 4841 1455 4900; x_wconf 53' lang='lat' dir='ltr'><strong>emutidlfflnlo</strong></span> <span class='ocrx_word' id='word_1_412' title='bbox 1480 4839 1663 4894; x_wconf 48' lang='lat' dir='ltr'><strong>Remi-&#39;¹⁸⁸5</strong></span> <span class='ocrx_word' id='word_1_413' title='bbox 1765 4815 1772 4839; x_wconf 42' lang='grc' dir='ltr'>ι</span> 
     </span>
    </p>
   </div>
   <div class='ocr_carea' id='block_1_5' title="bbox 0 0 2122 5732">
    <p class='ocr_par' dir='ltr' id='par_1_8' title="bbox 0 0 2122 5732">
     <span class='ocr_line' id='line_1_40' title="bbox 0 0 2122 5732; baseline 0 4"><span class='ocrx_word' id='word_1_414' title='bbox 0 0 2122 5732; x_wconf 95' lang='lat' dir='ltr'><strong> </strong></span> 
     </span>
    </p>
   </div>
  </div>
 </body>
</html>
