<?xml version="1.0" encoding="UTF-8"?>
<!DOCTYPE html PUBLIC "-//W3C//DTD XHTML 1.0 Transitional//EN"
    "http://www.w3.org/TR/xhtml1/DTD/xhtml1-transitional.dtd">
<html xmlns="http://www.w3.org/1999/xhtml" xml:lang="en" lang="en">
 <head>
  <title>
</title>
<meta http-equiv="Content-Type" content="text/html;charset=utf-8" />
  <meta name='ocr-system' content='tesseract 3.04.00' />
  <meta name='ocr-capabilities' content='ocr_page ocr_carea ocr_par ocr_line ocrx_word'/>
</head>
<body>
  <div class='ocr_page' id='page_1' title='image "./debabriimythiam00droggoog_0027.png"; bbox 0 0 4234 5732; ppageno 0'>
   <div class='ocr_carea' id='block_1_1' title="bbox 962 473 1239 544">
    <p class='ocr_par' dir='ltr' id='par_1_1' title="bbox 962 473 1239 544">
     <span class='ocr_line' id='line_1_1' title="bbox 962 473 1239 544; baseline 0.004 -16"><span class='ocrx_word' id='word_1_1' title='bbox 962 473 1239 544; x_wconf 69' lang='grc' dir='ltr'><strong><em>...χο-</em></strong></span> 
     </span>
    </p>
   </div>
   <div class='ocr_carea' id='block_1_2' title="bbox 201 640 1906 4825">
    <p class='ocr_par' dir='ltr' id='par_1_2' title="bbox 255 640 1906 1180">
     <span class='ocr_line' id='line_1_2' title="bbox 255 640 1901 736; baseline -0.012 -16"><span class='ocrx_word' id='word_1_2' title='bbox 255 688 259 696; x_wconf 82' lang='lat'><em>·</em></span> <span class='ocrx_word' id='word_1_3' title='bbox 302 654 353 720; x_wconf 82' lang='lat' dir='ltr'><strong>ria</strong></span> <span class='ocrx_word' id='word_1_4' title='bbox 372 649 517 719; x_wconf 77' lang='lat' dir='ltr'><strong>tabulari</strong></span> <span class='ocrx_word' id='word_1_5' title='bbox 539 649 768 736; x_wconf 84' lang='lat' dir='ltr'><strong>mitigandam,</strong></span> <span class='ocrx_word' id='word_1_6' title='bbox 793 670 838 715; x_wconf 84' lang='lat' dir='ltr'><strong>ex</strong></span> <span class='ocrx_word' id='word_1_7' title='bbox 858 669 980 735; x_wconf 84' lang='lat' dir='ltr'><strong>magua</strong></span> <span class='ocrx_word' id='word_1_8' title='bbox 999 649 1040 714; x_wconf 90' lang='lat' dir='ltr'><strong>de</strong></span> <span class='ocrx_word' id='word_1_9' title='bbox 1062 645 1265 714; x_wconf 77' lang='lat' dir='ltr'><strong>Archilocho</strong></span> <span class='ocrx_word' id='word_1_10' title='bbox 1286 644 1548 712; x_wconf 77' lang='lat' dir='ltr'><strong>testimoniorum</strong></span> <span class='ocrx_word' id='word_1_11' title='bbox 1568 640 1773 727; x_wconf 89' lang='lat' dir='ltr'><strong>multitudino</strong></span> <span class='ocrx_word' id='word_1_12' title='bbox 1795 658 1901 724; x_wconf 87' lang='lat' dir='ltr'><strong>pauca</strong></span> 
     </span>
     <span class='ocr_line' id='line_1_3' title="bbox 305 755 1906 852; baseline -0.009 -22"><span class='ocrx_word' id='word_1_13' title='bbox 305 764 465 852; x_wconf 76' lang='lat' dir='ltr'><strong>quaedam</strong></span> <span class='ocrx_word' id='word_1_14' title='bbox 488 782 679 846; x_wconf 85' lang='lat' dir='ltr'><strong>proponam,</strong></span> <span class='ocrx_word' id='word_1_15' title='bbox 705 759 737 824; x_wconf 91' lang='lat' dir='ltr'><strong>in</strong></span> <span class='ocrx_word' id='word_1_16' title='bbox 760 781 836 846; x_wconf 88' lang='lat' dir='ltr'><strong>quo,</strong></span> <span class='ocrx_word' id='word_1_17' title='bbox 856 765 1010 846; x_wconf 83' lang='lat' dir='ltr'><strong>quantum</strong></span> <span class='ocrx_word' id='word_1_18' title='bbox 1032 756 1105 824; x_wconf 87' lang='lat' dir='ltr'><strong>fieri</strong></span> <span class='ocrx_word' id='word_1_19' title='bbox 1126 757 1261 843; x_wconf 84' lang='lat' dir='ltr'><strong>poterit,</strong></span> <span class='ocrx_word' id='word_1_20' title='bbox 1285 756 1368 842; x_wconf 86' lang='lat' dir='ltr'><strong>ipsis</strong></span> <span class='ocrx_word' id='word_1_21' title='bbox 1389 755 1711 822; x_wconf 85' lang='lat' dir='ltr'><strong>testantiumverhis</strong></span> <span class='ocrx_word' id='word_1_22' title='bbox 1731 760 1815 834; x_wconf 85' lang='lat' dir='ltr'><strong>utar,</strong></span> <span class='ocrx_word' id='word_1_23' title='bbox 1835 770 1906 834; x_wconf 89' lang='lat' dir='ltr'><strong>quo·</strong></span> 
     </span>
     <span class='ocr_line' id='line_1_4' title="bbox 305 865 1899 956; baseline -0.009 -14"><span class='ocrx_word' id='word_1_24' title='bbox 305 874 427 942; x_wconf 89' lang='lat' dir='ltr'><strong>certior</strong></span> <span class='ocrx_word' id='word_1_25' title='bbox 454 878 583 938; x_wconf 89' lang='lat' dir='ltr'><strong>constet</strong></span> <span class='ocrx_word' id='word_1_26' title='bbox 608 865 692 936; x_wconf 88' lang='lat' dir='ltr'><strong>fides</strong></span> <span class='ocrx_word' id='word_1_27' title='bbox 719 870 888 936; x_wconf 90' lang='lat' dir='ltr'><strong>dictorum.</strong></span> <span class='ocrx_word' id='word_1_28' title='bbox 938 869 1000 935; x_wconf 86' lang='lat' dir='ltr'><strong>Est</strong></span> <span class='ocrx_word' id='word_1_29' title='bbox 1026 878 1134 936; x_wconf 90' lang='lat' dir='ltr'><strong>autem</strong></span> <span class='ocrx_word' id='word_1_30' title='bbox 1163 870 1205 934; x_wconf 90' lang='lat' dir='ltr'><strong>de</strong></span> <span class='ocrx_word' id='word_1_31' title='bbox 1225 866 1447 949; x_wconf 86' lang='lat' dir='ltr'><strong>Archilocho,</strong></span> <span class='ocrx_word' id='word_1_32' title='bbox 1473 865 1529 956; x_wconf 85' lang='lat' dir='ltr'><strong>qni</strong></span> <span class='ocrx_word' id='word_1_33' title='bbox 1556 887 1638 932; x_wconf 84' lang='lat' dir='ltr'><strong>unns</strong></span> <span class='ocrx_word' id='word_1_34' title='bbox 1664 865 1899 952; x_wconf 83' lang='lat' dir='ltr'><strong>propemodum</strong></span> 
     </span>
     <span class='ocr_line' id='line_1_5' title="bbox 304 975 1903 1070; baseline -0.006 -19"><span class='ocrx_word' id='word_1_35' title='bbox 304 984 404 1060; x_wconf 82' lang='lat' dir='ltr'><strong>totius</strong></span> <span class='ocrx_word' id='word_1_36' title='bbox 431 983 564 1070; x_wconf 88' lang='lat' dir='ltr'><strong>generis</strong></span> <span class='ocrx_word' id='word_1_37' title='bbox 591 979 723 1046; x_wconf 83' lang='lat' dir='ltr'><strong>iambici</strong></span> <span class='ocrx_word' id='word_1_38' title='bbox 753 979 895 1045; x_wconf 80' lang='lat' dir='ltr'><strong>indolem</strong></span> <span class='ocrx_word' id='word_1_39' title='bbox 922 987 1085 1064; x_wconf 83' lang='lat' dir='ltr'><strong>praestat,</strong></span> <span class='ocrx_word' id='word_1_40' title='bbox 1118 977 1286 1066; x_wconf 83' lang='lat' dir='ltr'><strong>copiosius</strong></span> <span class='ocrx_word' id='word_1_41' title='bbox 1313 978 1560 1063; x_wconf 85' lang='lat' dir='ltr'><strong>exponendum,</strong></span> <span class='ocrx_word' id='word_1_42' title='bbox 1586 1000 1682 1066; x_wconf 86' lang='lat' dir='ltr'><strong>quam</strong></span> <span class='ocrx_word' id='word_1_43' title='bbox 1709 980 1750 1044; x_wconf 91' lang='lat' dir='ltr'><strong>de</strong></span> <span class='ocrx_word' id='word_1_44' title='bbox 1773 975 1903 1062; x_wconf 74' lang='lat' dir='ltr'><strong>Hippo«.</strong></span> 
     </span>
     <span class='ocr_line' id='line_1_6' title="bbox 303 1079 1743 1180; baseline -0.004 -19"><span class='ocrx_word' id='word_1_45' title='bbox 303 1102 410 1177; x_wconf 77' lang='lat' dir='ltr'><strong>namo,</strong></span> <span class='ocrx_word' id='word_1_46' title='bbox 432 1093 487 1180; x_wconf 84' lang='lat' dir='ltr'><strong>qui</strong></span> <span class='ocrx_word' id='word_1_47' title='bbox 509 1112 573 1157; x_wconf 90' lang='lat' dir='ltr'><strong>non</strong></span> <span class='ocrx_word' id='word_1_48' title='bbox 595 1099 647 1157; x_wconf 86' lang='lat' dir='ltr'><strong>est</strong></span> <span class='ocrx_word' id='word_1_49' title='bbox 668 1090 733 1156; x_wconf 86' lang='lat' dir='ltr'><strong>nisi</strong></span> <span class='ocrx_word' id='word_1_50' title='bbox 756 1083 944 1156; x_wconf 77' lang='lat' dir='ltr'><strong>eius&#39;metri</strong></span> <span class='ocrx_word' id='word_1_51' title='bbox 967 1109 1069 1155; x_wconf 86' lang='lat' dir='ltr'><strong>causa</strong></span> <span class='ocrx_word' id='word_1_52' title='bbox 1090 1079 1311 1178; x_wconf 81' lang='lat' dir='ltr'><strong>attingendus,</strong></span> <span class='ocrx_word' id='word_1_53' title='bbox 1332 1087 1396 1175; x_wconf 85' lang='lat' dir='ltr'><strong>quo&#39;</strong></span> <span class='ocrx_word' id='word_1_54' title='bbox 1419 1111 1497 1154; x_wconf 86' lang='lat' dir='ltr'><strong>usus</strong></span> <span class='ocrx_word' id='word_1_55' title='bbox 1520 1096 1571 1155; x_wconf 88' lang='lat' dir='ltr'><strong>est</strong></span> <span class='ocrx_word' id='word_1_56' title='bbox 1592 1087 1743 1176; x_wconf 74' lang='lat' dir='ltr'><strong>lictorius.</strong></span> 
     </span>
    </p>

    <p class='ocr_par' dir='ltr' id='par_1_3' title="bbox 299 1197 1900 2728">
     <span class='ocr_line' id='line_1_7' title="bbox 439 1197 1900 1286; baseline -0.003 -18"><span class='ocrx_word' id='word_1_57' title='bbox 439 1201 688 1280; x_wconf 50' lang='lat' dir='ltr'><strong>,Archilochum</strong></span> <span class='ocrx_word' id='word_1_58' title='bbox 711 1222 732 1264; x_wconf 87' lang='lat' dir='ltr'><strong>a</strong></span> <span class='ocrx_word' id='word_1_59' title='bbox 747 1200 878 1265; x_wconf 89' lang='lat' dir='ltr'><strong>duriore</strong></span> <span class='ocrx_word' id='word_1_60' title='bbox 899 1197 1003 1265; x_wconf 87' lang='lat' dir='ltr'><strong>fuisse</strong></span> <span class='ocrx_word' id='word_1_61' title='bbox 1025 1198 1158 1265; x_wconf 73' lang='lat' dir='ltr'><strong>somnne</strong></span> <span class='ocrx_word' id='word_1_62' title='bbox 1179 1198 1365 1285; x_wconf 88' lang='lat' dir='ltr'><strong>profectum</strong></span> <span class='ocrx_word' id='word_1_63' title='bbox 1386 1201 1429 1264; x_wconf 88' lang='lat' dir='ltr'><strong>ad</strong></span> <span class='ocrx_word' id='word_1_64' title='bbox 1451 1199 1596 1266; x_wconf 88' lang='lat' dir='ltr'><strong>carmina</strong></span> <span class='ocrx_word' id='word_1_65' title='bbox 1616 1199 1802 1286; x_wconf 86' lang='lat' dir='ltr'><strong>pangenda,</strong></span> <span class='ocrx_word' id='word_1_66' title='bbox 1823 1220 1900 1264; x_wconf 87' lang='lat' dir='ltr'><strong>con·</strong></span> 
     </span>
     <span class='ocr_line' id='line_1_8' title="bbox 304 1294 1900 1401; baseline -0.006 -18"><span class='ocrx_word' id='word_1_67' title='bbox 304 1303 409 1401; x_wconf 76' lang='lat' dir='ltr'><strong>cepta&#39;</strong></span> <span class='ocrx_word' id='word_1_68' title='bbox 423 1315 530 1380; x_wconf 83' lang='lat' dir='ltr'><strong>animo</strong></span> <span class='ocrx_word' id='word_1_69' title='bbox 552 1313 735 1379; x_wconf 84' lang='lat' dir='ltr'><strong>acerbitate</strong></span> <span class='ocrx_word' id='word_1_70' title='bbox 757 1310 896 1397; x_wconf 82' lang='lat' dir='ltr'><strong>quadam</strong></span> <span class='ocrx_word' id='word_1_71' title='bbox 925 1318 960 1376; x_wconf 91' lang='lat' dir='ltr'><strong>et</strong></span> <span class='ocrx_word' id='word_1_72' title='bbox 981 1311 1203 1388; x_wconf 68' lang='lat' dir='ltr'><strong>amaritudine*</strong></span> <span class='ocrx_word' id='word_1_73' title='bbox 1224 1312 1365 1397; x_wconf 88' lang='lat' dir='ltr'><strong>ideoque</strong></span> <span class='ocrx_word' id='word_1_74' title='bbox 1390 1333 1414 1374; x_wconf 83' lang='lat' dir='ltr'><strong>a</strong></span> <span class='ocrx_word' id='word_1_75' title='bbox 1435 1319 1530 1396; x_wconf 82' lang='lat' dir='ltr'><strong>grate</strong></span> <span class='ocrx_word' id='word_1_76' title='bbox 1551 1294 1772 1376; x_wconf 82' lang='lat' dir='ltr'><strong>Anacreontis</strong></span> <span class='ocrx_word' id='word_1_77' title='bbox 1791 1308 1900 1376; x_wconf 86' lang='lat' dir='ltr'><strong>facili·</strong></span> 
     </span>
     <span class='ocr_line' id='line_1_9' title="bbox 304 1418 1900 1508; baseline -0.006 -15"><span class='ocrx_word' id='word_1_78' title='bbox 304 1434 374 1494; x_wconf 86' lang='lat' dir='ltr'><strong>tate</strong></span> <span class='ocrx_word' id='word_1_79' title='bbox 397 1423 625 1506; x_wconf 79' lang='lat' dir='ltr'><strong>abhorruisse,</strong></span> <span class='ocrx_word' id='word_1_80' title='bbox 655 1429 770 1488; x_wconf 90' lang='lat' dir='ltr'><strong>auctor</strong></span> <span class='ocrx_word' id='word_1_81' title='bbox 796 1427 847 1486; x_wconf 87' lang='lat' dir='ltr'><strong>est</strong></span> <span class='ocrx_word' id='word_1_82' title='bbox 872 1418 1019 1486; x_wconf 86' lang='lat' dir='ltr'><strong>lulianus</strong></span> <span class='ocrx_word' id='word_1_83' title='bbox 1041 1421 1296 1508; x_wconf 83' lang='lat' dir='ltr'><strong>Misopogonem</strong></span> <span class='ocrx_word' id='word_1_84' title='bbox 1327 1421 1379 1486; x_wconf 86' lang='lat' dir='ltr'><strong>his</strong></span> <span class='ocrx_word' id='word_1_85' title='bbox 1400 1422 1512 1489; x_wconf 85' lang='lat' dir='ltr'><strong>verbis</strong></span> <span class='ocrx_word' id='word_1_86' title='bbox 1538 1421 1900 1507; x_wconf 74' lang='lat' dir='ltr'><strong>exorsus:.’Avcxpe‘ovu</strong></span> 
     </span>
     <span class='ocr_line' id='line_1_10' title="bbox 304 1531 1898 1628; baseline -0.004 -28"><span class='ocrx_word' id='word_1_87' title='bbox 304 1541 348 1626; x_wconf 74' lang='grc' dir='ltr'><strong><em>τῷ</em></strong></span> <span class='ocrx_word' id='word_1_88' title='bbox 369 1541 480 1628; x_wconf 75' lang='grc' dir='ltr'><strong><em>ποιητῇ</em></strong></span> <span class='ocrx_word' id='word_1_89' title='bbox 501 1533 603 1600; x_wconf 76' lang='grc' dir='ltr'><strong><em>πολλοὶ</em></strong></span> <span class='ocrx_word' id='word_1_90' title='bbox 625 1534 757 1620; x_wconf 75' lang='grc' dir='ltr'>ἐποιήθη</span> <span class='ocrx_word' id='word_1_91' title='bbox 778 1531 853 1618; x_wconf 70' lang='grc' dir='ltr'><strong><em>μέλη</em></strong></span> <span class='ocrx_word' id='word_1_92' title='bbox 874 1533 972 1616; x_wconf 79' lang='grc' dir='ltr'><strong><em>σεμνοὶ</em></strong></span> <span class='ocrx_word' id='word_1_93' title='bbox 993 1537 1046 1596; x_wconf 78' lang='grc' dir='ltr'><strong>καὶ</strong></span> <span class='ocrx_word' id='word_1_94' title='bbox 1064 1537 1219 1617; x_wconf 86' lang='grc' dir='ltr'><strong><em>χαρίεντα.</em></strong></span> <span class='ocrx_word' id='word_1_95' title='bbox 1241 1538 1366 1619; x_wconf 79' lang='grc' dir='ltr'><strong><em>τρυφᾶν</em></strong></span> <span class='ocrx_word' id='word_1_96' title='bbox 1385 1531 1445 1619; x_wconf 69' lang='grc' dir='ltr'><strong>γὰρ</strong></span> <span class='ocrx_word' id='word_1_97' title='bbox 1466 1533 1577 1616; x_wconf 83' lang='grc' dir='ltr'><strong><em>ἔλαχεν</em></strong></span> <span class='ocrx_word' id='word_1_98' title='bbox 1598 1533 1630 1596; x_wconf 76' lang='grc' dir='ltr'><strong>ἐκ</strong></span> <span class='ocrx_word' id='word_1_99' title='bbox 1643 1536 1796 1598; x_wconf 74' lang='grc' dir='ltr'><strong><em>Μουσῶν.</em></strong></span> <span class='ocrx_word' id='word_1_100' title='bbox 1828 1531 1898 1596; x_wconf 75' lang='grc' dir='ltr'><strong>Ἅλ-</strong></span> 
     </span>
     <span class='ocr_line' id='line_1_11' title="bbox 302 1641 1899 1736; baseline -0.005 -24"><span class='ocrx_word' id='word_1_101' title='bbox 302 1652 380 1736; x_wconf 68' lang='lat' dir='ltr'><strong>salop</strong></span> <span class='ocrx_word' id='word_1_102' title='bbox 402 1645 431 1710; x_wconf 82' lang='grc' dir='ltr'><strong>δ’</strong></span> <span class='ocrx_word' id='word_1_103' title='bbox 453 1643 552 1710; x_wconf 75' lang='grc' dir='ltr'><strong><em>οὐκέτι</em></strong></span> <span class='ocrx_word' id='word_1_104' title='bbox 573 1641 821 1730; x_wconf 72' lang='grc' dir='ltr'><strong><em>οὐδ’Ἅρχιλόχῳ</em></strong></span> <span class='ocrx_word' id='word_1_105' title='bbox 847 1644 892 1731; x_wconf 75' lang='grc' dir='ltr'><strong><em>τῷ</em></strong></span> <span class='ocrx_word' id='word_1_106' title='bbox 911 1645 1023 1731; x_wconf 81' lang='grc' dir='ltr'><strong><em>Παρίῳ</em></strong></span> <span class='ocrx_word' id='word_1_107' title='bbox 1050 1643 1105 1729; x_wconf 70' lang='grc' dir='ltr'><strong>τήν</strong></span> <span class='ocrx_word' id='word_1_108' title='bbox 1124 1645 1248 1726; x_wconf 86' lang='grc' dir='ltr'><strong><em>μοόσαν</em></strong></span> <span class='ocrx_word' id='word_1_109' title='bbox 1268 1641 1384 1708; x_wconf 81' lang='grc' dir='ltr'><strong><em>ἔδωκεν</em></strong></span> <span class='ocrx_word' id='word_1_110' title='bbox 1411 1641 1429 1708; x_wconf 87' lang='grc' dir='ltr'><strong><em>δ</em></strong></span> <span class='ocrx_word' id='word_1_111' title='bbox 1451 1643 1528 1720; x_wconf 89' lang='grc' dir='ltr'><strong><em>θεδς</em></strong></span> <span class='ocrx_word' id='word_1_112' title='bbox 1555 1645 1597 1720; x_wconf 82' lang='grc' dir='ltr'><strong>είς</strong></span> <span class='ocrx_word' id='word_1_113' title='bbox 1623 1641 1820 1728; x_wconf 78' lang='grc' dir='ltr'><strong><em>εὐφροσύνας</em></strong></span> <span class='ocrx_word' id='word_1_114' title='bbox 1846 1645 1899 1705; x_wconf 80' lang='grc' dir='ltr'><strong>καί</strong></span> 
     </span>
     <span class='ocr_line' id='line_1_12' title="bbox 302 1750 1896 1848; baseline -0.006 -25"><span class='ocrx_word' id='word_1_115' title='bbox 302 1755 420 1845; x_wconf 80' lang='grc' dir='ltr'><strong><em>ἧδονός</em></strong></span> <span class='ocrx_word' id='word_1_116' title='bbox 441 1759 568 1845; x_wconf 78' lang='grc' dir='ltr'><strong><em>τρέψαι·</em></strong></span> <span class='ocrx_word' id='word_1_117' title='bbox 594 1755 726 1838; x_wconf 72' lang='grc' dir='ltr'><strong><em>μοχθεῖν</em></strong></span> <span class='ocrx_word' id='word_1_118' title='bbox 745 1752 806 1836; x_wconf 79' lang='grc' dir='ltr'><strong>γδρ</strong></span> <span class='ocrx_word' id='word_1_119' title='bbox 823 1751 935 1817; x_wconf 83' lang='grc' dir='ltr'><strong><em>ἄλλοτε</em></strong></span> <span class='ocrx_word' id='word_1_120' title='bbox 962 1753 1063 1828; x_wconf 83' lang='grc' dir='ltr'><strong><em>ἄλλως</em></strong></span> <span class='ocrx_word' id='word_1_121' title='bbox 1084 1750 1329 1836; x_wconf 74' lang='grc' dir='ltr'><strong><em>ἀναγκαζόμενοι</em></strong></span> <span class='ocrx_word' id='word_1_122' title='bbox 1350 1757 1531 1848; x_wconf 76' lang='grc' dir='ltr'><strong><em>τῇμουσικῇ</em></strong></span> <span class='ocrx_word' id='word_1_123' title='bbox 1551 1752 1630 1838; x_wconf 89' lang='grc' dir='ltr'><strong><em>πρός</em></strong></span> <span class='ocrx_word' id='word_1_124' title='bbox 1651 1756 1743 1818; x_wconf 81' lang='grc' dir='ltr'><strong><em>τοῦτο</em></strong></span> <span class='ocrx_word' id='word_1_125' title='bbox 1765 1751 1896 1836; x_wconf 72' lang='grc' dir='ltr'><strong><em>ἐχρῶντο</em></strong></span> 
     </span>
     <span class='ocr_line' id='line_1_13' title="bbox 302 1857 1897 1954; baseline -0.004 -22"><span class='ocrx_word' id='word_1_126' title='bbox 302 1868 478 1952; x_wconf 84' lang='grc' dir='ltr'><strong><em>κουφότερα</em></strong></span> <span class='ocrx_word' id='word_1_127' title='bbox 499 1867 661 1939; x_wconf 81' lang='grc' dir='ltr'><strong><em>ποιοῦντες</em></strong></span> <span class='ocrx_word' id='word_1_128' title='bbox 682 1860 799 1939; x_wconf 80' lang='grc' dir='ltr'><strong><em>αδτοίς,</em></strong></span> <span class='ocrx_word' id='word_1_129' title='bbox 820 1864 881 1928; x_wconf 84' lang='grc' dir='ltr'><strong>ὅσα</strong></span> <span class='ocrx_word' id='word_1_130' title='bbox 901 1857 1059 1946; x_wconf 87' lang='grc' dir='ltr'><strong><em>δδαίμων</em></strong></span> <span class='ocrx_word' id='word_1_131' title='bbox 1079 1859 1200 1942; x_wconf 70' lang='grc' dir='ltr'><strong><em>ἐδίδου,</em></strong></span> <span class='ocrx_word' id='word_1_132' title='bbox 1222 1867 1258 1954; x_wconf 77' lang='grc' dir='ltr'><strong><em>τῇ</em></strong></span> <span class='ocrx_word' id='word_1_133' title='bbox 1279 1866 1322 1938; x_wconf 82' lang='grc' dir='ltr'><strong>είς</strong></span> <span class='ocrx_word' id='word_1_134' title='bbox 1344 1863 1416 1940; x_wconf 88' lang='grc' dir='ltr'><strong><em>τοδς</em></strong></span> <span class='ocrx_word' id='word_1_135' title='bbox 1430 1860 1619 1940; x_wconf 73' lang='grc' dir='ltr'><strong><em>ἀδικοῦντας</em></strong></span> <span class='ocrx_word' id='word_1_136' title='bbox 1639 1862 1791 1948; x_wconf 77' lang='grc' dir='ltr'><strong><em>λοιδορίᾳ.</em></strong></span> <span class='ocrx_word' id='word_1_137' title='bbox 1823 1860 1897 1926; x_wconf 83' lang='grc' dir='ltr'><strong>Νοα</strong></span> 
     </span>
     <span class='ocr_line' id='line_1_14' title="bbox 301 1961 1897 2061; baseline -0.005 -18"><span class='ocrx_word' id='word_1_138' title='bbox 301 1982 394 2043; x_wconf 85' lang='lat' dir='ltr'><strong>caret</strong></span> <span class='ocrx_word' id='word_1_139' title='bbox 418 1975 529 2061; x_wconf 88' lang='lat' dir='ltr'><strong>aliqua</strong></span> <span class='ocrx_word' id='word_1_140' title='bbox 550 1971 765 2057; x_wconf 70' lang='lat' dir='ltr'><strong>malignitatis</strong></span> <span class='ocrx_word' id='word_1_141' title='bbox 787 1971 975 2059; x_wconf 80' lang='lat' dir='ltr'><strong>suspicione</strong></span> <span class='ocrx_word' id='word_1_142' title='bbox 1001 1972 1213 2058; x_wconf 84' lang='lat' dir='ltr'><strong>imperatoria</strong></span> <span class='ocrx_word' id='word_1_143' title='bbox 1228 1961 1319 2040; x_wconf 49' lang='lat' dir='ltr'><strong>¹haec</strong></span> <span class='ocrx_word' id='word_1_144' title='bbox 1340 1966 1496 2055; x_wconf 37' lang='lat' dir='ltr'><strong>notatio(</strong></span> <span class='ocrx_word' id='word_1_145' title='bbox 1516 1996 1600 2060; x_wconf 86' lang='lat' dir='ltr'><strong>qnae</strong></span> <span class='ocrx_word' id='word_1_146' title='bbox 1627 1974 1712 2039; x_wconf 88' lang='lat' dir='ltr'><strong>nolit</strong></span> <span class='ocrx_word' id='word_1_147' title='bbox 1738 1971 1810 2038; x_wconf 83' lang='lat' dir='ltr'><strong>t&#39;ere</strong></span> <span class='ocrx_word' id='word_1_148' title='bbox 1832 1971 1897 2038; x_wconf 88' lang='lat' dir='ltr'><strong>nisi</strong></span> 
     </span>
     <span class='ocr_line' id='line_1_15' title="bbox 301 2081 1896 2167; baseline -0.003 -16"><span class='ocrx_word' id='word_1_149' title='bbox 301 2086 335 2151; x_wconf 93' lang='lat' dir='ltr'><strong>in</strong></span> <span class='ocrx_word' id='word_1_150' title='bbox 356 2083 507 2151; x_wconf 87' lang='lat' dir='ltr'><strong>leniendo</strong></span> <span class='ocrx_word' id='word_1_151' title='bbox 530 2083 720 2148; x_wconf 86' lang='lat' dir='ltr'><strong>iniuriarum</strong></span> <span class='ocrx_word' id='word_1_152' title='bbox 743 2081 856 2148; x_wconf 88' lang='lat' dir='ltr'><strong>dolore</strong></span> <span class='ocrx_word' id='word_1_153' title='bbox 877 2082 1019 2167; x_wconf 91' lang='lat' dir='ltr'><strong>positum</strong></span> <span class='ocrx_word' id='word_1_154' title='bbox 1034 2083 1138 2148; x_wconf 84' lang='lat' dir='ltr'><strong>videri</strong></span> <span class='ocrx_word' id='word_1_155' title='bbox 1162 2085 1344 2150; x_wconf 88' lang='lat' dir='ltr'><strong>insectandi</strong></span> <span class='ocrx_word' id='word_1_156' title='bbox 1367 2093 1400 2150; x_wconf 91' lang='lat' dir='ltr'><strong>et</strong></span> <span class='ocrx_word' id='word_1_157' title='bbox 1421 2084 1625 2152; x_wconf 87' lang='lat' dir='ltr'><strong>conviciandi</strong></span> <span class='ocrx_word' id='word_1_158' title='bbox 1648 2084 1802 2166; x_wconf 89' lang='lat' dir='ltr'><strong>studium,</strong></span> <span class='ocrx_word' id='word_1_159' title='bbox 1822 2104 1896 2148; x_wconf 85' lang='lat' dir='ltr'><strong>cunr</strong></span> 
     </span>
     <span class='ocr_line' id='line_1_16' title="bbox 300 2191 1898 2282; baseline -0.002 -22"><span class='ocrx_word' id='word_1_160' title='bbox 300 2204 409 2261; x_wconf 86' lang='lat' dir='ltr'><strong>tamen</strong></span> <span class='ocrx_word' id='word_1_161' title='bbox 432 2193 484 2261; x_wconf 86' lang='lat' dir='ltr'><strong>vel</strong></span> <span class='ocrx_word' id='word_1_162' title='bbox 508 2194 583 2258; x_wconf 88' lang='lat' dir='ltr'><strong>sola</strong></span> <span class='ocrx_word' id='word_1_163' title='bbox 609 2193 715 2282; x_wconf 88' lang='lat' dir='ltr'><strong>possit</strong></span> <span class='ocrx_word' id='word_1_164' title='bbox 741 2191 922 2278; x_wconf 78' lang='lat' dir='ltr'><strong>indignatio</strong></span> <span class='ocrx_word' id='word_1_165' title='bbox 944 2191 1105 2257; x_wconf 86' lang='lat' dir='ltr'><strong>factorum</strong></span> <span class='ocrx_word' id='word_1_166' title='bbox 1131 2195 1331 2282; x_wconf 85' lang='lat' dir='ltr'><strong>turpitudine</strong></span> <span class='ocrx_word' id='word_1_167' title='bbox 1354 2195 1501 2262; x_wconf 86' lang='lat' dir='ltr'><strong>excitata</strong></span> <span class='ocrx_word' id='word_1_168' title='bbox 1521 2218 1650 2262; x_wconf 87' lang='lat' dir='ltr'><strong>versum</strong></span> <span class='ocrx_word' id='word_1_169' title='bbox 1678 2194 1801 2261; x_wconf 86' lang='lat' dir='ltr'><strong>facero.</strong></span> <span class='ocrx_word' id='word_1_170' title='bbox 1846 2199 1898 2259; x_wconf 89' lang='lat' dir='ltr'><strong>est</strong></span> 
     </span>
     <span class='ocr_line' id='line_1_17' title="bbox 301 2291 1897 2394; baseline -0.001 -23"><span class='ocrx_word' id='word_1_171' title='bbox 301 2314 409 2372; x_wconf 87' lang='lat' dir='ltr'><strong>autem</strong></span> <span class='ocrx_word' id='word_1_172' title='bbox 432 2305 515 2370; x_wconf 92' lang='lat' dir='ltr'><strong>haec</strong></span> <span class='ocrx_word' id='word_1_173' title='bbox 537 2304 670 2369; x_wconf 90' lang='lat' dir='ltr'><strong>notandi</strong></span> <span class='ocrx_word' id='word_1_174' title='bbox 692 2291 777 2369; x_wconf 88' lang='lat' dir='ltr'><strong>ratio</strong></span> <span class='ocrx_word' id='word_1_175' title='bbox 801 2326 863 2368; x_wconf 86' lang='lat' dir='ltr'><strong>una</strong></span> <span class='ocrx_word' id='word_1_176' title='bbox 885 2303 991 2368; x_wconf 84' lang='lat' dir='ltr'><strong>exiis</strong></span> <span class='ocrx_word' id='word_1_177' title='bbox 1015 2305 1157 2387; x_wconf 71' lang='lat' dir='ltr'><strong>artihm,</strong></span> <span class='ocrx_word' id='word_1_178' title='bbox 1179 2305 1296 2388; x_wconf 73' lang='lat' dir='ltr'><strong>ortibus</strong></span> <span class='ocrx_word' id='word_1_179' title='bbox 1318 2307 1509 2389; x_wconf 81' lang='lat' dir='ltr'><strong>abutuntur,</strong></span> <span class='ocrx_word' id='word_1_180' title='bbox 1536 2307 1591 2394; x_wconf 81' lang='lat' dir='ltr'><strong>qui</strong></span> <span class='ocrx_word' id='word_1_181' title='bbox 1613 2307 1828 2372; x_wconf 87' lang='lat' dir='ltr'><strong>iniustorum</strong></span> <span class='ocrx_word' id='word_1_182' title='bbox 1849 2305 1897 2369; x_wconf 91' lang='lat' dir='ltr'><strong>in·</strong></span> 
     </span>
     <span class='ocr_line' id='line_1_18' title="bbox 301 2415 1897 2504; baseline -0.001 -23"><span class='ocrx_word' id='word_1_183' title='bbox 301 2415 380 2501; x_wconf 86' lang='lat' dir='ltr'><strong>opia</strong></span> <span class='ocrx_word' id='word_1_184' title='bbox 402 2423 664 2501; x_wconf 88' lang='lat' dir='ltr'><strong>argumentorum</strong></span> <span class='ocrx_word' id='word_1_185' title='bbox 692 2415 831 2480; x_wconf 85' lang='lat' dir='ltr'><strong>invictas</strong></span> <span class='ocrx_word' id='word_1_186' title='bbox 858 2415 1071 2500; x_wconf 83' lang='lat' dir='ltr'><strong>probationes</strong></span> <span class='ocrx_word' id='word_1_187' title='bbox 1098 2416 1246 2482; x_wconf 87' lang='lat' dir='ltr'><strong>adhibita</strong></span> <span class='ocrx_word' id='word_1_188' title='bbox 1268 2419 1355 2504; x_wconf 84' lang='lat' dir='ltr'><strong>uulgi</strong></span> <span class='ocrx_word' id='word_1_189' title='bbox 1383 2418 1538 2502; x_wconf 88' lang='lat' dir='ltr'><strong>opinione</strong></span> <span class='ocrx_word' id='word_1_190' title='bbox 1565 2419 1598 2483; x_wconf 93' lang='lat' dir='ltr'><strong>in</strong></span> <span class='ocrx_word' id='word_1_191' title='bbox 1625 2417 1742 2482; x_wconf 83' lang='lat' dir='ltr'><strong>rualem</strong></span> <span class='ocrx_word' id='word_1_192' title='bbox 1770 2422 1897 2502; x_wconf 87' lang='lat' dir='ltr'><strong>partem</strong></span> 
     </span>
     <span class='ocr_line' id='line_1_19' title="bbox 299 2525 1897 2616; baseline -0.002 -23"><span class='ocrx_word' id='word_1_193' title='bbox 299 2526 437 2615; x_wconf 85' lang='lat' dir='ltr'><strong>proclivi</strong></span> <span class='ocrx_word' id='word_1_194' title='bbox 461 2526 588 2590; x_wconf 88' lang='lat' dir='ltr'><strong>amoliri</strong></span> <span class='ocrx_word' id='word_1_195' title='bbox 611 2525 755 2612; x_wconf 89' lang='lat' dir='ltr'><strong>cupiunt.</strong></span> <span class='ocrx_word' id='word_1_196' title='bbox 788 2526 899 2613; x_wconf 87' lang='lat' dir='ltr'><strong>itaque</strong></span> <span class='ocrx_word' id='word_1_197' title='bbox 921 2547 995 2591; x_wconf 91' lang='lat' dir='ltr'><strong>cum</strong></span> <span class='ocrx_word' id='word_1_198' title='bbox 1017 2527 1059 2591; x_wconf 91' lang='lat' dir='ltr'><strong>ob</strong></span> <span class='ocrx_word' id='word_1_199' title='bbox 1082 2527 1255 2592; x_wconf 80' lang='lat' dir='ltr'><strong>hacetum</strong></span> <span class='ocrx_word' id='word_1_200' title='bbox 1278 2529 1318 2594; x_wconf 94' lang='lat' dir='ltr'><strong>oh</strong></span> <span class='ocrx_word' id='word_1_201' title='bbox 1342 2527 1427 2594; x_wconf 87' lang='lat' dir='ltr'><strong>alias</strong></span> <span class='ocrx_word' id='word_1_202' title='bbox 1447 2551 1566 2594; x_wconf 84' lang='lat' dir='ltr'><strong>causas</strong></span> <span class='ocrx_word' id='word_1_203' title='bbox 1587 2527 1816 2616; x_wconf 87' lang='lat' dir='ltr'><strong>imperatorias</strong></span> <span class='ocrx_word' id='word_1_204' title='bbox 1838 2527 1897 2592; x_wconf 84' lang='lat' dir='ltr'><strong>cli-</strong></span> 
     </span>
     <span class='ocr_line' id='line_1_20' title="bbox 302 2633 1897 2728; baseline -0.001 -24"><span class='ocrx_word' id='word_1_205' title='bbox 302 2646 423 2728; x_wconf 88' lang='lat' dir='ltr'><strong>quanto</strong></span> <span class='ocrx_word' id='word_1_206' title='bbox 445 2637 593 2704; x_wconf 86' lang='lat' dir='ltr'><strong>severius</strong></span> <span class='ocrx_word' id='word_1_207' title='bbox 615 2638 649 2701; x_wconf 92' lang='lat' dir='ltr'><strong>in</strong></span> <span class='ocrx_word' id='word_1_208' title='bbox 665 2633 800 2701; x_wconf 87' lang='lat' dir='ltr'><strong>Parium</strong></span> <span class='ocrx_word' id='word_1_209' title='bbox 820 2644 953 2723; x_wconf 89' lang='lat' dir='ltr'><strong>poetam</strong></span> <span class='ocrx_word' id='word_1_210' title='bbox 975 2637 1212 2704; x_wconf 84' lang='lat' dir='ltr'><strong>animadvertit.</strong></span> <span class='ocrx_word' id='word_1_211' title='bbox 1236 2639 1269 2703; x_wconf 91' lang='lat' dir='ltr'><strong>in</strong></span> <span class='ocrx_word' id='word_1_212' title='bbox 1293 2638 1349 2704; x_wconf 89' lang='lat' dir='ltr'><strong>illo</strong></span> <span class='ocrx_word' id='word_1_213' title='bbox 1372 2640 1458 2704; x_wconf 90' lang='lat' dir='ltr'><strong>euim</strong></span> <span class='ocrx_word' id='word_1_214' title='bbox 1480 2639 1677 2728; x_wconf 82' lang='lat' dir='ltr'><strong>fragmento,</strong></span> <span class='ocrx_word' id='word_1_215' title='bbox 1697 2640 1784 2727; x_wconf 84' lang='lat' dir='ltr'><strong>quod</strong></span> <span class='ocrx_word' id='word_1_216' title='bbox 1806 2640 1897 2705; x_wconf 91' lang='lat' dir='ltr'><strong>dubi-</strong></span> 
     </span>
    </p>

    <p class='ocr_par' dir='ltr' id='par_1_4' title="bbox 233 2747 1898 2840">
     <span class='ocr_line' id='line_1_21' title="bbox 233 2747 1898 2840; baseline -0.001 -25"><span class='ocrx_word' id='word_1_217' title='bbox 233 2753 235 2758; x_wconf 79' lang='grc'>’</span> <span class='ocrx_word' id='word_1_218' title='bbox 301 2755 389 2814; x_wconf 92' lang='lat' dir='ltr'><strong>tatur</strong></span> <span class='ocrx_word' id='word_1_219' title='bbox 416 2748 618 2813; x_wconf 85' lang='lat' dir='ltr'><strong>orationibus</strong></span> <span class='ocrx_word' id='word_1_220' title='bbox 651 2747 695 2812; x_wconf 88' lang='lat' dir='ltr'><strong>sit</strong></span> <span class='ocrx_word' id='word_1_221' title='bbox 722 2768 763 2811; x_wconf 86' lang='lat' dir='ltr'><strong>an</strong></span> <span class='ocrx_word' id='word_1_222' title='bbox 792 2747 942 2833; x_wconf 87' lang='lat' dir='ltr'><strong>epistolis</strong></span> <span class='ocrx_word' id='word_1_223' title='bbox 968 2750 1224 2840; x_wconf 77' lang='lat' dir='ltr'><strong>accensendum,</strong></span> <span class='ocrx_word' id='word_1_224' title='bbox 1254 2758 1331 2836; x_wconf 87' lang='lat' dir='ltr'><strong>post</strong></span> <span class='ocrx_word' id='word_1_225' title='bbox 1355 2751 1457 2816; x_wconf 86' lang='lat' dir='ltr'><strong>verba</strong></span> <span class='ocrx_word' id='word_1_226' title='bbox 1479 2751 1528 2837; x_wconf 86' lang='lat' dir='ltr'><strong>[p.</strong></span> <span class='ocrx_word' id='word_1_227' title='bbox 1551 2756 1615 2823; x_wconf 77' lang='lat'><strong>529</strong></span> <span class='ocrx_word' id='word_1_228' title='bbox 1643 2751 1694 2818; x_wconf 86' lang='lat' dir='ltr'><strong>ed.</strong></span> <span class='ocrx_word' id='word_1_229' title='bbox 1718 2749 1803 2836; x_wconf 82' lang='lat' dir='ltr'><strong>Pet]</strong></span> <span class='ocrx_word' id='word_1_230' title='bbox 1831 2749 1898 2815; x_wconf 72' lang='grc' dir='ltr'><strong><em>ἐπεὶ</em></strong></span> 
     </span>
    </p>

    <p class='ocr_par' dir='ltr' id='par_1_5' title="bbox 282 2840 1896 3171">
     <span class='ocr_line' id='line_1_22' title="bbox 303 2840 1896 2947; baseline 0 -23"><span class='ocrx_word' id='word_1_231' title='bbox 303 2859 339 2924; x_wconf 75' lang='grc' dir='ltr'><strong>δὲ</strong></span> <span class='ocrx_word' id='word_1_232' title='bbox 359 2862 416 2924; x_wconf 89' lang='grc' dir='ltr'><strong><em>τόν</em></strong></span> <span class='ocrx_word' id='word_1_233' title='bbox 437 2857 589 2944; x_wconf 73' lang='grc' dir='ltr'><strong><em>ἱερατικὸν</em></strong></span> <span class='ocrx_word' id='word_1_234' title='bbox 602 2862 673 2940; x_wconf 80' lang='grc' dir='ltr'><strong><em>βίον</em></strong></span> <span class='ocrx_word' id='word_1_235' title='bbox 693 2859 775 2922; x_wconf 79' lang='grc' dir='ltr'><strong><em>εἶναι</em></strong></span> <span class='ocrx_word' id='word_1_236' title='bbox 792 2859 850 2943; x_wconf 69' lang='grc' dir='ltr'><strong>χρὴ</strong></span> <span class='ocrx_word' id='word_1_237' title='bbox 869 2862 926 2923; x_wconf 79' lang='grc' dir='ltr'><strong><em>τοῦ</em></strong></span> <span class='ocrx_word' id='word_1_238' title='bbox 943 2840 1104 2926; x_wconf 80' lang='grc' dir='ltr'><strong><em>πολιτικοῦ</em></strong></span> <span class='ocrx_word' id='word_1_239' title='bbox 1117 2864 1309 2947; x_wconf 84' lang='grc' dir='ltr'><strong><em>σεμνότερον,</em></strong></span> <span class='ocrx_word' id='word_1_240' title='bbox 1331 2860 1441 2926; x_wconf 79' lang='grc' dir='ltr'><strong><em>διιτέον</em></strong></span> <span class='ocrx_word' id='word_1_241' title='bbox 1462 2861 1514 2925; x_wconf 74' lang='grc' dir='ltr'><strong>ἐπὶ</strong></span> <span class='ocrx_word' id='word_1_242' title='bbox 1531 2866 1710 2926; x_wconf 74' lang='grc' dir='ltr'><strong><em>τοῦτονκαὶ</em></strong></span> <span class='ocrx_word' id='word_1_243' title='bbox 1724 2861 1896 2935; x_wconf 78' lang='grc' dir='ltr'><strong><em>διδακτέον,</em></strong></span> 
     </span>
     <span class='ocr_line' id='line_1_23' title="bbox 301 2968 1896 3060; baseline -0.001 -25"><span class='ocrx_word' id='word_1_244' title='bbox 301 2991 386 3057; x_wconf 87' lang='lat' dir='ltr'><strong>quae</strong></span> <span class='ocrx_word' id='word_1_245' title='bbox 408 2968 613 3038; x_wconf 79' lang='lat' dir='ltr'><strong>verbosatio</strong></span> <span class='ocrx_word' id='word_1_246' title='bbox 634 2975 750 3054; x_wconf 87' lang='lat' dir='ltr'><strong>aperte</strong></span> <span class='ocrx_word' id='word_1_247' title='bbox 772 2971 892 3034; x_wconf 90' lang='lat' dir='ltr'><strong>docent</strong></span> <span class='ocrx_word' id='word_1_248' title='bbox 912 2969 1018 3054; x_wconf 88' lang='lat' dir='ltr'><strong>ipsius</strong></span> <span class='ocrx_word' id='word_1_249' title='bbox 1037 2970 1222 3054; x_wconf 86' lang='lat' dir='ltr'><strong>consilium,</strong></span> <span class='ocrx_word' id='word_1_250' title='bbox 1252 2969 1303 3036; x_wconf 82' lang='lat' dir='ltr'><strong>his</strong></span> <span class='ocrx_word' id='word_1_251' title='bbox 1325 2972 1428 3058; x_wconf 84' lang='lat' dir='ltr'><strong>igitur</strong></span> <span class='ocrx_word' id='word_1_252' title='bbox 1447 2971 1587 3060; x_wconf 86' lang='lat' dir='ltr'><strong>aliisque</strong></span> <span class='ocrx_word' id='word_1_253' title='bbox 1609 2970 1773 3038; x_wconf 86' lang='lat' dir='ltr'><strong>nonnullis</strong></span> <span class='ocrx_word' id='word_1_254' title='bbox 1795 2992 1896 3056; x_wconf 82' lang='lat' dir='ltr'><strong>expo·</strong></span> 
     </span>
     <span class='ocr_line' id='line_1_24' title="bbox 282 3080 1896 3171; baseline 0.001 -27"><span class='ocrx_word' id='word_1_255' title='bbox 282 3082 375 3146; x_wconf 84' lang='lat' dir='ltr'><strong>¹sitis</strong></span> <span class='ocrx_word' id='word_1_256' title='bbox 396 3104 428 3167; x_wconf 91' lang='lat' dir='ltr'><strong>p.</strong></span> <span class='ocrx_word' id='word_1_257' title='bbox 444 3087 508 3153; x_wconf 65' lang='lat' dir='ltr'><strong>lida</strong></span> <span class='ocrx_word' id='word_1_258' title='bbox 530 3080 615 3146; x_wconf 84' lang='lat' dir='ltr'><strong>hoec</strong></span> <span class='ocrx_word' id='word_1_259' title='bbox 636 3080 757 3148; x_wconf 83' lang='lat' dir='ltr'><strong>edixit:</strong></span> <span class='ocrx_word' id='word_1_260' title='bbox 780 3080 925 3160; x_wconf 80' lang='grc' dir='ltr'><strong><em>ἐξελατέα</em></strong></span> <span class='ocrx_word' id='word_1_261' title='bbox 945 3085 1052 3144; x_wconf 79' lang='grc' dir='ltr'><strong><em>τοίνυν</em></strong></span> <span class='ocrx_word' id='word_1_262' title='bbox 1073 3081 1156 3146; x_wconf 74' lang='grc' dir='ltr'><strong><em>ἐστὶν</em></strong></span> <span class='ocrx_word' id='word_1_263' title='bbox 1175 3080 1249 3169; x_wconf 74' lang='grc' dir='ltr'><strong><em>ἡμῖν</em></strong></span> <span class='ocrx_word' id='word_1_264' title='bbox 1269 3085 1375 3148; x_wconf 84' lang='grc' dir='ltr'><strong><em>πάντα</em></strong></span> <span class='ocrx_word' id='word_1_265' title='bbox 1396 3083 1436 3148; x_wconf 80' lang='grc' dir='ltr'><strong><em>τό</em></strong></span> <span class='ocrx_word' id='word_1_266' title='bbox 1457 3083 1583 3171; x_wconf 72' lang='grc' dir='ltr'><strong><em>ἐπαχθῆ</em></strong></span> <span class='ocrx_word' id='word_1_267' title='bbox 1603 3083 1781 3166; x_wconf 75' lang='grc' dir='ltr'><strong><em>οιιιόμματα,</em></strong></span> <span class='ocrx_word' id='word_1_268' title='bbox 1805 3089 1896 3147; x_wconf 78' lang='grc' dir='ltr'><strong><em>πᾶσα</em></strong></span> 
     </span>
    </p>

    <p class='ocr_par' dir='ltr' id='par_1_6' title="bbox 201 3188 1896 3499">
     <span class='ocr_line' id='line_1_25' title="bbox 201 3188 1896 3286; baseline 0.001 -31"><span class='ocrx_word' id='word_1_269' title='bbox 201 3264 204 3272; x_wconf 41' lang='grc'><strong>,</strong></span> <span class='ocrx_word' id='word_1_270' title='bbox 302 3190 339 3256; x_wconf 80' lang='grc' dir='ltr'><strong>δὲ</strong></span> <span class='ocrx_word' id='word_1_271' title='bbox 360 3191 488 3278; x_wconf 70' lang='grc' dir='ltr'><strong><em>ἀσελγὴς</em></strong></span> <span class='ocrx_word' id='word_1_272' title='bbox 509 3188 625 3275; x_wconf 86' lang='grc' dir='ltr'><strong><em>ὁμιλία.</em></strong></span> <span class='ocrx_word' id='word_1_273' title='bbox 651 3197 704 3254; x_wconf 78' lang='grc' dir='ltr'><strong>καὶ</strong></span> <span class='ocrx_word' id='word_1_274' title='bbox 724 3192 811 3269; x_wconf 80' lang='grc' dir='ltr'><strong><em>ὅπως</em></strong></span> <span class='ocrx_word' id='word_1_275' title='bbox 832 3191 948 3256; x_wconf 71' lang='grc' dir='ltr'><strong><em>εἰδέναι</em></strong></span> <span class='ocrx_word' id='word_1_276' title='bbox 969 3190 1038 3284; x_wconf 70' lang='grc' dir='ltr'><strong><em>ἔχῃς</em></strong></span> <span class='ocrx_word' id='word_1_277' title='bbox 1059 3192 1080 3257; x_wconf 87' lang='grc' dir='ltr'><strong><em>ό</em></strong></span> <span class='ocrx_word' id='word_1_278' title='bbox 1099 3192 1254 3277; x_wconf 76' lang='grc' dir='ltr'><strong><em>βούλομαι</em></strong></span> <span class='ocrx_word' id='word_1_279' title='bbox 1266 3193 1419 3286; x_wconf 75' lang='grc' dir='ltr'><strong><em>φράζειν,</em></strong></span> <span class='ocrx_word' id='word_1_280' title='bbox 1445 3192 1613 3278; x_wconf 82' lang='grc' dir='ltr'><strong><em>ίερόνυμός</em></strong></span> <span class='ocrx_word' id='word_1_281' title='bbox 1633 3217 1679 3267; x_wconf 89' lang='grc' dir='ltr'><strong>τις</strong></span> <span class='ocrx_word' id='word_1_282' title='bbox 1703 3192 1779 3277; x_wconf 80' lang='grc' dir='ltr'><strong><em>μήτε</em></strong></span> <span class='ocrx_word' id='word_1_283' title='bbox 1795 3191 1896 3278; x_wconf 78' lang='grc' dir='ltr'><strong><em>Ἀρχί-</em></strong></span> 
     </span>
     <span class='ocr_line' id='line_1_26' title="bbox 301 3297 1893 3389; baseline -0.001 -22"><span class='ocrx_word' id='word_1_284' title='bbox 301 3303 395 3386; x_wconf 91' lang='grc' dir='ltr'><strong><em>λοχον</em></strong></span> <span class='ocrx_word' id='word_1_285' title='bbox 417 3297 668 3381; x_wconf 83' lang='grc' dir='ltr'><strong><em>δναγιγνωσκέτω</em></strong></span> <span class='ocrx_word' id='word_1_286' title='bbox 688 3305 763 3388; x_wconf 75' lang='grc' dir='ltr'><strong><em>μήτε</em></strong></span> <span class='ocrx_word' id='word_1_287' title='bbox 777 3301 974 3380; x_wconf 69' lang='grc' dir='ltr'><strong><em>Ἰππόνακτα</em></strong></span> <span class='ocrx_word' id='word_1_288' title='bbox 994 3305 1069 3388; x_wconf 82' lang='grc' dir='ltr'><strong><em>μήτε</em></strong></span> <span class='ocrx_word' id='word_1_289' title='bbox 1090 3302 1189 3368; x_wconf 84' lang='grc' dir='ltr'><strong><em>ἄλλον</em></strong></span> <span class='ocrx_word' id='word_1_290' title='bbox 1210 3305 1358 3384; x_wconf 78' lang='grc' dir='ltr'><strong><em>τινδτοίν</em></strong></span> <span class='ocrx_word' id='word_1_291' title='bbox 1378 3309 1480 3370; x_wconf 77' lang='grc' dir='ltr'><strong><em>ταυτα</em></strong></span> <span class='ocrx_word' id='word_1_292' title='bbox 1499 3305 1696 3389; x_wconf 73' lang='grc' dir='ltr'><strong><em>γραφόντων.</em></strong></span> <span class='ocrx_word' id='word_1_293' title='bbox 1728 3300 1805 3368; x_wconf 87' lang='grc' dir='ltr'><strong>Ηοο</strong></span> <span class='ocrx_word' id='word_1_294' title='bbox 1825 3301 1893 3368; x_wconf 88' lang='lat' dir='ltr'><strong>edi·</strong></span> 
     </span>
     <span class='ocr_line' id='line_1_27' title="bbox 302 3411 1825 3499; baseline 0.001 -20"><span class='ocrx_word' id='word_1_295' title='bbox 302 3420 389 3479; x_wconf 86' lang='lat' dir='ltr'><strong>ctum</strong></span> <span class='ocrx_word' id='word_1_296' title='bbox 413 3419 464 3476; x_wconf 91' lang='lat' dir='ltr'><strong>est</strong></span> <span class='ocrx_word' id='word_1_297' title='bbox 484 3433 562 3478; x_wconf 86' lang='lat' dir='ltr'><strong>vere</strong></span> <span class='ocrx_word' id='word_1_298' title='bbox 585 3411 840 3496; x_wconf 86' lang='lat' dir='ltr'><strong>imperatorium,</strong></span> <span class='ocrx_word' id='word_1_299' title='bbox 862 3411 914 3475; x_wconf 92' lang='lat' dir='ltr'><strong>cui</strong></span> <span class='ocrx_word' id='word_1_300' title='bbox 937 3411 1028 3475; x_wconf 91' lang='lat' dir='ltr'><strong>multi</strong></span> <span class='ocrx_word' id='word_1_301' title='bbox 1055 3413 1321 3499; x_wconf 85' lang='lat' dir='ltr'><strong>obtemperarunt</strong></span> <span class='ocrx_word' id='word_1_302' title='bbox 1343 3417 1384 3480; x_wconf 89' lang='lat' dir='ltr'><strong>dc</strong></span> <span class='ocrx_word' id='word_1_303' title='bbox 1406 3413 1608 3481; x_wconf 89' lang='lat' dir='ltr'><strong>Archilocho</strong></span> <span class='ocrx_word' id='word_1_304' title='bbox 1630 3413 1825 3480; x_wconf 87' lang='lat' dir='ltr'><strong>iudicantes.</strong></span> 
     </span>
    </p>

    <p class='ocr_par' dir='ltr' id='par_1_7' title="bbox 450 3519 1896 3620">
     <span class='ocr_line' id='line_1_28' title="bbox 450 3519 1896 3620; baseline 0.001 -34"><span class='ocrx_word' id='word_1_305' title='bbox 450 3519 521 3586; x_wconf 85' lang='lat' dir='ltr'><strong>Sed</strong></span> <span class='ocrx_word' id='word_1_306' title='bbox 542 3543 664 3607; x_wconf 87' lang='lat' dir='ltr'><strong>operae</strong></span> <span class='ocrx_word' id='word_1_307' title='bbox 685 3522 826 3608; x_wconf 89' lang='lat' dir='ltr'><strong>pretium</strong></span> <span class='ocrx_word' id='word_1_308' title='bbox 849 3530 901 3587; x_wconf 86' lang='lat' dir='ltr'><strong>est</strong></span> <span class='ocrx_word' id='word_1_309' title='bbox 922 3543 1139 3608; x_wconf 80' lang='lat' dir='ltr'><strong>cognoscere,</strong></span> <span class='ocrx_word' id='word_1_310' title='bbox 1161 3532 1277 3620; x_wconf 88' lang='lat' dir='ltr'><strong>contra</strong></span> <span class='ocrx_word' id='word_1_311' title='bbox 1297 3525 1382 3592; x_wconf 89' lang='lat' dir='ltr'><strong>haee</strong></span> <span class='ocrx_word' id='word_1_312' title='bbox 1404 3526 1482 3615; x_wconf 88' lang='lat' dir='ltr'><strong>quid</strong></span> <span class='ocrx_word' id='word_1_313' title='bbox 1504 3547 1586 3590; x_wconf 76' lang='lat' dir='ltr'><strong>unum</strong></span> <span class='ocrx_word' id='word_1_314' title='bbox 1608 3525 1650 3590; x_wconf 92' lang='lat' dir='ltr'><strong>de</strong></span> <span class='ocrx_word' id='word_1_315' title='bbox 1672 3525 1745 3612; x_wconf 87' lang='lat' dir='ltr'><strong>ipso</strong></span> <span class='ocrx_word' id='word_1_316' title='bbox 1769 3522 1896 3610; x_wconf 75' lang='grc' dir='ltr'><strong><em>ἱερωνό-</em></strong></span> 
     </span>
    </p>

    <p class='ocr_par' dir='ltr' id='par_1_8' title="bbox 255 3632 1895 4496">
     <span class='ocr_line' id='line_1_29' title="bbox 255 3632 1895 3722; baseline 0.001 -23"><span class='ocrx_word' id='word_1_317' title='bbox 255 3669 260 3680; x_wconf 60' lang='lat'><em>1</em></span> <span class='ocrx_word' id='word_1_318' title='bbox 300 3658 368 3718; x_wconf 86' lang='grc' dir='ltr'><strong>μων</strong></span> <span class='ocrx_word' id='word_1_319' title='bbox 388 3655 529 3722; x_wconf 85' lang='lat' dir='ltr'><strong>genere,</strong></span> <span class='ocrx_word' id='word_1_320' title='bbox 555 3641 670 3698; x_wconf 88' lang='lat' dir='ltr'><strong>auctor</strong></span> <span class='ocrx_word' id='word_1_321' title='bbox 691 3656 755 3698; x_wconf 90' lang='lat' dir='ltr'><strong>uon</strong></span> <span class='ocrx_word' id='word_1_322' title='bbox 779 3634 999 3718; x_wconf 82' lang='lat' dir='ltr'><strong>spemeudus‚</strong></span> <span class='ocrx_word' id='word_1_323' title='bbox 1025 3633 1187 3700; x_wconf 83' lang='lat' dir='ltr'><strong>statuerit.</strong></span> <span class='ocrx_word' id='word_1_324' title='bbox 1232 3634 1299 3702; x_wconf 86' lang='lat' dir='ltr'><strong>Dio</strong></span> <span class='ocrx_word' id='word_1_325' title='bbox 1321 3639 1407 3703; x_wconf 90' lang='lat' dir='ltr'><strong>enim</strong></span> <span class='ocrx_word' id='word_1_326' title='bbox 1428 3637 1683 3720; x_wconf 76' lang='lat' dir='ltr'><strong>chrysostomus</strong></span> <span class='ocrx_word' id='word_1_327' title='bbox 1706 3632 1781 3721; x_wconf 84' lang='lat' dir='ltr'><strong>[Or.</strong></span> <span class='ocrx_word' id='word_1_328' title='bbox 1797 3632 1895 3700; x_wconf 81' lang='lat' dir='ltr'><strong>Tars.</strong></span> 
     </span>
     <span class='ocr_line' id='line_1_30' title="bbox 302 3723 1892 3835; baseline 0.001 -27"><span class='ocrx_word' id='word_1_329' title='bbox 302 3765 350 3830; x_wconf 83' lang='lat' dir='ltr'><strong>pr.</strong></span> <span class='ocrx_word' id='word_1_330' title='bbox 374 3767 405 3831; x_wconf 88' lang='lat' dir='ltr'><strong>p.</strong></span> <span class='ocrx_word' id='word_1_331' title='bbox 424 3751 489 3818; x_wconf 78' lang='grc'><strong>386</strong></span> <span class='ocrx_word' id='word_1_332' title='bbox 510 3743 563 3830; x_wconf 84' lang='grc'><strong>1)]</strong></span> <span class='ocrx_word' id='word_1_333' title='bbox 590 3766 654 3810; x_wconf 90' lang='lat' dir='ltr'><strong>non</strong></span> <span class='ocrx_word' id='word_1_334' title='bbox 668 3723 839 3826; x_wconf 73' lang='lat' dir='ltr'><strong>dubitavit</strong></span> <span class='ocrx_word' id='word_1_335' title='bbox 863 3745 911 3808; x_wconf 90' lang='lat' dir='ltr'><strong>ita</strong></span> <span class='ocrx_word' id='word_1_336' title='bbox 936 3742 1071 3809; x_wconf 86' lang='lat' dir='ltr'><strong>laudare</strong></span> <span class='ocrx_word' id='word_1_337' title='bbox 1100 3746 1386 3835; x_wconf 87' lang='lat' dir='ltr'><strong>iambographum,</strong></span> <span class='ocrx_word' id='word_1_338' title='bbox 1418 3756 1454 3814; x_wconf 88' lang='lat' dir='ltr'><strong>ut</strong></span> <span class='ocrx_word' id='word_1_339' title='bbox 1481 3723 1675 3812; x_wconf 85' lang='lat' dir='ltr'><strong>Archilochi</strong></span> <span class='ocrx_word' id='word_1_340' title='bbox 1705 3734 1823 3834; x_wconf 80' lang='lat' dir='ltr'><strong>nervos</strong></span> <span class='ocrx_word' id='word_1_341' title='bbox 1850 3747 1892 3810; x_wconf 87' lang='lat' dir='ltr'><strong>eh</strong></span> 
     </span>
     <span class='ocr_line' id='line_1_31' title="bbox 301 3835 1893 3948; baseline -0.001 -27"><span class='ocrx_word' id='word_1_342' title='bbox 301 3854 359 3921; x_wconf 92' lang='lat' dir='ltr'><strong>illo</strong></span> <span class='ocrx_word' id='word_1_343' title='bbox 381 3853 580 3922; x_wconf 81' lang='lat' dir='ltr'><strong>Homericae</strong></span> <span class='ocrx_word' id='word_1_344' title='bbox 601 3854 765 3922; x_wconf 87' lang='lat' dir='ltr'><strong>venustati</strong></span> <span class='ocrx_word' id='word_1_345' title='bbox 787 3855 954 3940; x_wconf 82' lang='lat' dir='ltr'><strong>praelatos</strong></span> <span class='ocrx_word' id='word_1_346' title='bbox 977 3835 1144 3942; x_wconf 74' lang='lat' dir='ltr'><strong>appareat.</strong></span> <span class='ocrx_word' id='word_1_347' title='bbox 1171 3864 1233 3922; x_wconf 79' lang='grc' dir='ltr'><strong>Καὶ</strong></span> <span class='ocrx_word' id='word_1_348' title='bbox 1253 3861 1314 3944; x_wconf 77' lang='grc' dir='ltr'><strong>μὴν</strong></span> <span class='ocrx_word' id='word_1_349' title='bbox 1334 3861 1398 3948; x_wconf 68' lang='lat' dir='ltr'><strong>dopo</strong></span> <span class='ocrx_word' id='word_1_350' title='bbox 1419 3861 1454 3925; x_wconf 87' lang='grc' dir='ltr'><strong><em>τδ</em></strong></span> <span class='ocrx_word' id='word_1_351' title='bbox 1476 3857 1632 3941; x_wconf 81' lang='grc' dir='ltr'><strong><em>λοιδορεῖν</em></strong></span> <span class='ocrx_word' id='word_1_352' title='bbox 1651 3861 1702 3922; x_wconf 79' lang='grc' dir='ltr'><strong>καὶ</strong></span> <span class='ocrx_word' id='word_1_353' title='bbox 1723 3855 1778 3941; x_wconf 72' lang='grc' dir='ltr'><strong><em>τὴν</em></strong></span> <span class='ocrx_word' id='word_1_354' title='bbox 1799 3854 1893 3940; x_wconf 60' lang='lat' dir='ltr'><strong>cipri»</strong></span> 
     </span>
     <span class='ocr_line' id='line_1_32' title="bbox 303 3945 1894 4057; baseline 0.001 -27"><span class='ocrx_word' id='word_1_355' title='bbox 303 3969 408 4048; x_wconf 84' lang='grc' dir='ltr'><strong><em>τερίαν</em></strong></span> <span class='ocrx_word' id='word_1_356' title='bbox 429 3945 484 4050; x_wconf 69' lang='grc' dir='ltr'><strong><em>τόν</em></strong></span> <span class='ocrx_word' id='word_1_357' title='bbox 504 3967 635 4052; x_wconf 80' lang='grc' dir='ltr'><strong><em>ἑκάστου</em></strong></span> <span class='ocrx_word' id='word_1_358' title='bbox 655 3973 708 4030; x_wconf 79' lang='grc' dir='ltr'><strong>καί</strong></span> <span class='ocrx_word' id='word_1_359' title='bbox 728 3967 784 4052; x_wconf 70' lang='grc' dir='ltr'><strong><em>τὴν</em></strong></span> <span class='ocrx_word' id='word_1_360' title='bbox 803 3969 957 4050; x_wconf 76' lang='grc' dir='ltr'><strong><em>πονηρίαν</em></strong></span> <span class='ocrx_word' id='word_1_361' title='bbox 978 3977 1080 4057; x_wconf 75' lang='grc' dir='ltr'><strong><em>ποιεῖν</em></strong></span> <span class='ocrx_word' id='word_1_362' title='bbox 1099 3969 1236 4050; x_wconf 67' lang='grc' dir='ltr'><strong><em>κρεῖττόν</em></strong></span> <span class='ocrx_word' id='word_1_363' title='bbox 1261 3969 1323 4034; x_wconf 77' lang='grc' dir='ltr'><strong><em>ἐστι</em></strong></span> <span class='ocrx_word' id='word_1_364' title='bbox 1349 3975 1406 4036; x_wconf 78' lang='grc' dir='ltr'><strong><em>τοῦ</em></strong></span> <span class='ocrx_word' id='word_1_365' title='bbox 1430 3966 1610 4054; x_wconf 79' lang='grc' dir='ltr'><strong><em>χαρίζεσθαι</em></strong></span> <span class='ocrx_word' id='word_1_366' title='bbox 1631 3965 1685 4030; x_wconf 84' lang='grc' dir='ltr'><strong>διδ</strong></span> <span class='ocrx_word' id='word_1_367' title='bbox 1701 3966 1816 4047; x_wconf 80' lang='grc' dir='ltr'><strong><em>’λόγων</em></strong></span> <span class='ocrx_word' id='word_1_368' title='bbox 1832 3971 1894 4032; x_wconf 76' lang='grc' dir='ltr'><strong>’καί</strong></span> 
     </span>
     <span class='ocr_line' id='line_1_33' title="bbox 301 4073 1894 4164; baseline 0.001 -26"><span class='ocrx_word' id='word_1_369' title='bbox 301 4085 367 4150; x_wconf 87' lang='grc' dir='ltr'><strong><em>τοίς</em></strong></span> <span class='ocrx_word' id='word_1_370' title='bbox 393 4073 550 4159; x_wconf 77' lang='grc' dir='ltr'><strong><em>ἐγκωμίοις</em></strong></span> <span class='ocrx_word' id='word_1_371' title='bbox 577 4079 729 4164; x_wconf 74' lang='grc' dir='ltr'><strong><em>θρύπτειν</em></strong></span> <span class='ocrx_word' id='word_1_372' title='bbox 755 4076 828 4153; x_wconf 85' lang='grc' dir='ltr'><strong><em>τοδς</em></strong></span> <span class='ocrx_word' id='word_1_373' title='bbox 850 4075 1037 4152; x_wconf 84' lang='grc' dir='ltr'><strong><em>δκοόοντας,</em></strong></span> <span class='ocrx_word' id='word_1_374' title='bbox 1064 4075 1121 4158; x_wconf 85' lang='grc' dir='ltr'><strong>οδχ</strong></span> <span class='ocrx_word' id='word_1_375' title='bbox 1141 4079 1250 4164; x_wconf 76' lang='grc' dir='ltr'><strong><em>ἥκιστα</em></strong></span> <span class='ocrx_word' id='word_1_376' title='bbox 1275 4078 1395 4160; x_wconf 62' lang='grc' dir='ltr'><strong><em>ἐκεῖθεν</em></strong></span> <span class='ocrx_word' id='word_1_377' title='bbox 1422 4083 1551 4145; x_wconf 86' lang='grc' dir='ltr'><strong><em>εἴσεσθε.</em></strong></span> <span class='ocrx_word' id='word_1_378' title='bbox 1584 4075 1644 4142; x_wconf 87' lang='grc' dir='ltr'><strong>δόο</strong></span> <span class='ocrx_word' id='word_1_379' title='bbox 1669 4077 1730 4162; x_wconf 85' lang='grc' dir='ltr'><strong>γδρ</strong></span> <span class='ocrx_word' id='word_1_380' title='bbox 1757 4081 1894 4163; x_wconf 72' lang='grc' dir='ltr'><strong><em>ποιητῶν</em></strong></span> 
     </span>
     <span class='ocr_line' id='line_1_34' title="bbox 301 4184 1892 4275; baseline 0.001 -26"><span class='ocrx_word' id='word_1_381' title='bbox 301 4185 474 4266; x_wconf 74' lang='grc' dir='ltr'><strong><em>γεγονότων</em></strong></span> <span class='ocrx_word' id='word_1_382' title='bbox 494 4185 529 4266; x_wconf 71' lang='grc' dir='ltr'><strong>ἐξ</strong></span> <span class='ocrx_word' id='word_1_383' title='bbox 555 4190 696 4264; x_wconf 81' lang='grc' dir='ltr'><strong><em>ἅπαντος</em></strong></span> <span class='ocrx_word' id='word_1_384' title='bbox 721 4192 779 4252; x_wconf 79' lang='grc' dir='ltr'><strong><em>τοῦ</em></strong></span> <span class='ocrx_word' id='word_1_385' title='bbox 804 4188 930 4262; x_wconf 76' lang='grc' dir='ltr'><strong><em>αίιόνος,</em></strong></span> <span class='ocrx_word' id='word_1_386' title='bbox 963 4184 1009 4262; x_wconf 84' lang='grc' dir='ltr'><strong><em>οίς</em></strong></span> <span class='ocrx_word' id='word_1_387' title='bbox 1030 4185 1148 4252; x_wconf 77' lang='grc' dir='ltr'><strong><em>οὐδένα</em></strong></span> <span class='ocrx_word' id='word_1_388' title='bbox 1173 4192 1236 4252; x_wconf 78' lang='grc' dir='ltr'><strong><em>τόν</em></strong></span> <span class='ocrx_word' id='word_1_389' title='bbox 1257 4188 1362 4254; x_wconf 80' lang='grc' dir='ltr'><strong><em>ἄλλων</em></strong></span> <span class='ocrx_word' id='word_1_390' title='bbox 1385 4191 1554 4275; x_wconf 70' lang='grc' dir='ltr'><strong><em>ξυμβαλεῖν</em></strong></span> <span class='ocrx_word' id='word_1_391' title='bbox 1574 4187 1679 4265; x_wconf 80' lang='grc' dir='ltr'><strong><em>ἄξιον,</em></strong></span> <span class='ocrx_word' id='word_1_392' title='bbox 1703 4185 1838 4272; x_wconf 77' lang='grc' dir='ltr'><strong><em>Ὁμήρου</em></strong></span> <span class='ocrx_word' id='word_1_393' title='bbox 1859 4210 1892 4251; x_wconf 83' lang='grc' dir='ltr'><strong>τε</strong></span> 
     </span>
     <span class='ocr_line' id='line_1_35' title="bbox 301 4292 1893 4388; baseline 0.001 -29"><span class='ocrx_word' id='word_1_394' title='bbox 301 4301 353 4359; x_wconf 78' lang='grc' dir='ltr'><strong>καὶ</strong></span> <span class='ocrx_word' id='word_1_395' title='bbox 365 4292 554 4379; x_wconf 76' lang='grc' dir='ltr'><strong><em>Ἀρχιλόχου·</em></strong></span> <span class='ocrx_word' id='word_1_396' title='bbox 576 4299 696 4367; x_wconf 80' lang='grc' dir='ltr'><strong><em>τούτων</em></strong></span> <span class='ocrx_word' id='word_1_397' title='bbox 709 4299 841 4382; x_wconf 76' lang='grc' dir='ltr'><strong><em>Ὄμηρος</em></strong></span> <span class='ocrx_word' id='word_1_398' title='bbox 861 4302 920 4382; x_wconf 80' lang='grc' dir='ltr'><strong>μὲν</strong></span> <span class='ocrx_word' id='word_1_399' title='bbox 941 4295 1052 4379; x_wconf 83' lang='grc' dir='ltr'><strong><em>σχεδδν</em></strong></span> <span class='ocrx_word' id='word_1_400' title='bbox 1073 4300 1179 4362; x_wconf 81' lang='grc' dir='ltr'><strong><em>πάντα</em></strong></span> <span class='ocrx_word' id='word_1_401' title='bbox 1194 4297 1384 4382; x_wconf 57' lang='grc' dir='ltr'><strong><em>ἐνεκωμίασε</em></strong></span> <span class='ocrx_word' id='word_1_402' title='bbox 1403 4305 1456 4366; x_wconf 84' lang='grc' dir='ltr'><strong>καὶ</strong></span> <span class='ocrx_word' id='word_1_403' title='bbox 1477 4296 1562 4388; x_wconf 79' lang='grc' dir='ltr'><strong><em>φυτὰ</em></strong></span> <span class='ocrx_word' id='word_1_404' title='bbox 1582 4303 1634 4362; x_wconf 76' lang='grc' dir='ltr'><strong>καί</strong></span> <span class='ocrx_word' id='word_1_405' title='bbox 1655 4298 1741 4384; x_wconf 83' lang='grc' dir='ltr'><strong><em>ὕδωρ</em></strong></span> <span class='ocrx_word' id='word_1_406' title='bbox 1761 4299 1813 4360; x_wconf 77' lang='grc' dir='ltr'><strong>καί</strong></span> <span class='ocrx_word' id='word_1_407' title='bbox 1835 4301 1893 4382; x_wconf 79' lang='grc' dir='ltr'><strong>γῆν</strong></span> 
     </span>
     <span class='ocr_line' id='line_1_36' title="bbox 300 4403 1892 4496; baseline 0.001 -27"><span class='ocrx_word' id='word_1_408' title='bbox 300 4413 352 4469; x_wconf 80' lang='grc' dir='ltr'><strong>καὶ</strong></span> <span class='ocrx_word' id='word_1_409' title='bbox 373 4406 458 4471; x_wconf 86' lang='grc' dir='ltr'><strong><em>ὅπλα</em></strong></span> <span class='ocrx_word' id='word_1_410' title='bbox 479 4414 530 4472; x_wconf 76' lang='grc' dir='ltr'><strong>καί</strong></span> <span class='ocrx_word' id='word_1_411' title='bbox 551 4416 675 4490; x_wconf 77' lang='grc' dir='ltr'><strong><em>ἵππους.</em></strong></span> <span class='ocrx_word' id='word_1_412' title='bbox 706 4412 758 4473; x_wconf 80' lang='grc' dir='ltr'><strong>καλ</strong></span> <span class='ocrx_word' id='word_1_413' title='bbox 780 4403 874 4473; x_wconf 75' lang='grc' dir='ltr'><strong><em>οῦδὲν</em></strong></span> <span class='ocrx_word' id='word_1_414' title='bbox 895 4406 969 4471; x_wconf 72' lang='grc' dir='ltr'><strong><em>δσθ*</em></strong></span> <span class='ocrx_word' id='word_1_415' title='bbox 990 4407 1065 4472; x_wconf 74' lang='lat' dir='ltr'><strong>dccv</strong></span> <span class='ocrx_word' id='word_1_416' title='bbox 1085 4412 1234 4494; x_wconf 75' lang='grc' dir='ltr'><strong><em>μνησθεὶς</em></strong></span> <span class='ocrx_word' id='word_1_417' title='bbox 1253 4415 1343 4496; x_wconf 82' lang='grc' dir='ltr'><strong><em>χωρίς</em></strong></span> <span class='ocrx_word' id='word_1_418' title='bbox 1364 4411 1495 4477; x_wconf 79' lang='grc' dir='ltr'><strong><em>ἐπαίνου</em></strong></span> <span class='ocrx_word' id='word_1_419' title='bbox 1520 4432 1553 4473; x_wconf 86' lang='grc' dir='ltr'><strong>τε</strong></span> <span class='ocrx_word' id='word_1_420' title='bbox 1581 4415 1634 4474; x_wconf 80' lang='grc' dir='ltr'><strong>καὶ</strong></span> <span class='ocrx_word' id='word_1_421' title='bbox 1654 4414 1757 4494; x_wconf 78' lang='grc' dir='ltr'><strong><em>τιμῆς,</em></strong></span> <span class='ocrx_word' id='word_1_422' title='bbox 1778 4403 1820 4483; x_wconf 78' lang='grc' dir='ltr'><strong><em>ὥς</em></strong></span> <span class='ocrx_word' id='word_1_423' title='bbox 1849 4409 1892 4472; x_wconf 79' lang='grc' dir='ltr'><strong>δν</strong></span> 
     </span>
    </p>

    <p class='ocr_par' dir='ltr' id='par_1_9' title="bbox 221 4497 1892 4612">
     <span class='ocr_line' id='line_1_37' title="bbox 221 4497 1892 4612; baseline 0.002 -32"><span class='ocrx_word' id='word_1_424' title='bbox 221 4559 223 4564; x_wconf 61' lang='grc'><strong>»</strong></span> <span class='ocrx_word' id='word_1_425' title='bbox 252 4541 254 4546; x_wconf 96' lang='grc'><strong><em>·</em></strong></span> <span class='ocrx_word' id='word_1_426' title='bbox 301 4518 383 4581; x_wconf 80' lang='grc' dir='ltr'><strong><em>εἴποι</em></strong></span> <span class='ocrx_word' id='word_1_427' title='bbox 404 4542 457 4595; x_wconf 87' lang='grc' dir='ltr'><strong><em>τις,</em></strong></span> <span class='ocrx_word' id='word_1_428' title='bbox 478 4497 651 4608; x_wconf 79' lang='grc' dir='ltr'><strong><em>παρῆλθεν.</em></strong></span> <span class='ocrx_word' id='word_1_429' title='bbox 671 4523 706 4584; x_wconf 77' lang='grc' dir='ltr'><strong>ἓν</strong></span> <span class='ocrx_word' id='word_1_430' title='bbox 719 4521 798 4599; x_wconf 82' lang='grc' dir='ltr'><strong><em>γοῦν</em></strong></span> <span class='ocrx_word' id='word_1_431' title='bbox 817 4519 917 4602; x_wconf 87' lang='grc' dir='ltr'><strong><em>μόνον</em></strong></span> <span class='ocrx_word' id='word_1_432' title='bbox 939 4517 973 4596; x_wconf 70' lang='grc' dir='ltr'><strong>ἐξ</strong></span> <span class='ocrx_word' id='word_1_433' title='bbox 993 4516 1145 4584; x_wconf 87' lang='grc' dir='ltr'><strong><em>όπόντων</em></strong></span> <span class='ocrx_word' id='word_1_434' title='bbox 1167 4519 1393 4608; x_wconf 59' lang='grc' dir='ltr'><strong><em>ἐβλασφήμησε,</em></strong></span> <span class='ocrx_word' id='word_1_435' title='bbox 1415 4521 1578 4612; x_wconf 64' lang='grc' dir='ltr'><strong><em>Θερσίτην,</em></strong></span> <span class='ocrx_word' id='word_1_436' title='bbox 1599 4525 1651 4584; x_wconf 78' lang='grc' dir='ltr'><strong>καί</strong></span> <span class='ocrx_word' id='word_1_437' title='bbox 1671 4507 1783 4586; x_wconf 82' lang='grc' dir='ltr'><strong><em>τοῦτον</em></strong></span> <span class='ocrx_word' id='word_1_438' title='bbox 1802 4517 1892 4601; x_wconf 85' lang='grc' dir='ltr'><strong><em>λιγδν</em></strong></span> 
     </span>
    </p>

    <p class='ocr_par' dir='ltr' id='par_1_10' title="bbox 300 4625 1891 4724">
     <span class='ocr_line' id='line_1_38' title="bbox 300 4625 1891 4724; baseline 0.001 -32"><span class='ocrx_word' id='word_1_439' title='bbox 300 4625 381 4692; x_wconf 73' lang='grc' dir='ltr'><strong><em>εἶναι</em></strong></span> <span class='ocrx_word' id='word_1_440' title='bbox 402 4634 494 4713; x_wconf 76' lang='grc' dir='ltr'><strong><em>φησὶν</em></strong></span> <span class='ocrx_word' id='word_1_441' title='bbox 519 4629 679 4716; x_wconf 76' lang='grc' dir='ltr'><strong><em>ἀγορητήν.</em></strong></span> <span class='ocrx_word' id='word_1_442' title='bbox 712 4627 884 4716; x_wconf 70' lang='grc' dir='ltr'><strong><em>Ἀρχίλοχος</em></strong></span> <span class='ocrx_word' id='word_1_443' title='bbox 910 4629 943 4694; x_wconf 80' lang='grc' dir='ltr'><strong>δ’</strong></span> <span class='ocrx_word' id='word_1_444' title='bbox 965 4629 1016 4694; x_wconf 74' lang='grc' dir='ltr'><strong>ἐπὶ</strong></span> <span class='ocrx_word' id='word_1_445' title='bbox 1037 4628 1092 4718; x_wconf 67' lang='grc' dir='ltr'><strong><em>τὴν</em></strong></span> <span class='ocrx_word' id='word_1_446' title='bbox 1113 4628 1260 4697; x_wconf 75' lang='grc' dir='ltr'><strong><em>ἐναντίαν</em></strong></span> <span class='ocrx_word' id='word_1_447' title='bbox 1280 4633 1368 4718; x_wconf 79' lang='grc' dir='ltr'><strong><em>ἥκετό</em></strong></span> <span class='ocrx_word' id='word_1_448' title='bbox 1389 4633 1498 4720; x_wconf 77' lang='grc' dir='ltr'><strong><em>ψέγειν</em></strong></span> <span class='ocrx_word' id='word_1_449' title='bbox 1518 4626 1615 4724; x_wconf 80' lang='grc' dir='ltr'><strong><em>δρῶν,</em></strong></span> <span class='ocrx_word' id='word_1_450' title='bbox 1645 4627 1746 4712; x_wconf 77' lang='grc' dir='ltr'><strong><em>οἶμαι,</em></strong></span> <span class='ocrx_word' id='word_1_451' title='bbox 1774 4631 1891 4696; x_wconf 78' lang='grc' dir='ltr'><strong><em>τούτου</em></strong></span> 
     </span>
    </p>

    <p class='ocr_par' dir='ltr' id='par_1_11' title="bbox 269 4718 1892 4825">
     <span class='ocr_line' id='line_1_39' title="bbox 269 4718 1892 4825; baseline 0.001 -23"><span class='ocrx_word' id='word_1_452' title='bbox 269 4797 271 4802; x_wconf 88' lang='grc'><strong><em>,</em></strong></span> <span class='ocrx_word' id='word_1_453' title='bbox 296 4736 421 4822; x_wconf 77' lang='grc' dir='ltr'><strong><em>μᾶλλον</em></strong></span> <span class='ocrx_word' id='word_1_454' title='bbox 447 4737 615 4824; x_wconf 75' lang='grc' dir='ltr'><strong><em>δεομένους</em></strong></span> <span class='ocrx_word' id='word_1_455' title='bbox 640 4738 713 4817; x_wconf 79' lang='grc' dir='ltr'><strong><em>τούς</em></strong></span> <span class='ocrx_word' id='word_1_456' title='bbox 740 4738 932 4825; x_wconf 72' lang='grc' dir='ltr'><strong><em>ἀνθρώπους</em></strong></span> <span class='ocrx_word' id='word_1_457' title='bbox 958 4776 1000 4788; x_wconf 84' lang='grc'><strong>-</strong></span> <span class='ocrx_word' id='word_1_458' title='bbox 1032 4741 1128 4806; x_wconf 83' lang='grc' dir='ltr'><strong><em>ὥσθ’</em></strong></span> <span class='ocrx_word' id='word_1_459' title='bbox 1158 4742 1253 4819; x_wconf 87' lang='grc' dir='ltr'><strong><em>ὅλως</em></strong></span> <span class='ocrx_word' id='word_1_460' title='bbox 1284 4740 1482 4823; x_wconf 76' lang='grc' dir='ltr'><strong><em>λοιδορετν</em></strong></span> <span class='ocrx_word' id='word_1_461' title='bbox 1513 4718 1646 4815; x_wconf 77' lang='grc' dir='ltr'><strong><em>ίιιανδς</em></strong></span> <span class='ocrx_word' id='word_1_462' title='bbox 1676 4745 1739 4805; x_wconf 80' lang='grc' dir='ltr'><strong>καὶ</strong></span> <span class='ocrx_word' id='word_1_463' title='bbox 1763 4741 1892 4804; x_wconf 80' lang='grc' dir='ltr'><strong><em>καθό-</em></strong></span> 
     </span>
    </p>
   </div>
   <div class='ocr_carea' id='block_1_3' title="bbox 0 0 2122 5732">
    <p class='ocr_par' dir='ltr' id='par_1_12' title="bbox 0 0 2122 5732">
     <span class='ocr_line' id='line_1_40' title="bbox 0 0 2122 5732; baseline 0 2"><span class='ocrx_word' id='word_1_464' title='bbox 0 0 2122 5732; x_wconf 95' lang='lat' dir='ltr'><strong> </strong></span> 
     </span>
    </p>
   </div>
  </div>
 </body>
</html>
