4144 5714
908 506 957 521 ..
1024 471 1090 543 pg-¹
1136 507 1185 521 ...

249 649 474 735 γέγραπται·
507 647 641 732 χρῆσαι
662 644 735 730 yolo
756 642 851 736 adep
871 643 891 712 ὅ
912 648 1095 722 Αἴσωπος
1115 644 1284 737 διακόνῳ
1305 653 1378 714 τοῖν
1398 649 1587 717 πλείστων
1613 650 1851 735 instituerer,

249 759 350 843 ολςπερ
371 756 390 845 'l
411 757 558 845 κωμῳδία
580 759 622 852 σῷ
639 756 728 843 'Aue
1158 771 1163 782 ’

400 865 455 932 llx
476 865 541 931 hoc
562 865 698 952 ingenio
720 866 808 954 quod
829 867 1059 951 proposuimus
1087 871 1121 934 ‘et
1142 868 1231 955 quod
1259 877 1374 936 auctor
1400 861 1554 958 imaginis
1581 873 1670 940 illius
1692 875 1848 944 tribuisse

246 979 382 1066 Aesopo
403 978 551 1060 ridetur,
572 975 790 1043 deliniendum
813 983 879 1059 cst,
901 978 988 1064 quod
1010 977 1153 1044 Babrius
1175 977 1345 1064 Aesopum
1367 981 1470 1068 σοφὰν
1487 984 1685 1070 nominavit,
1710 986 1775 1051 hoc
1797 994 1849 1052 cst

236 1087 392 1156 ,scitum
424 1088 669 1174 prudentiae
702 1093 916 1155 auctorem.
955 1109 998 1152 ex
1026 1089 1143 1154 eodem
1169 1089 1303 1174 ingenio
1331 1089 1465 1157 subulae
1485 1092 1655 1180 Aesopiae
1687 1117 1761 1162 eum
1790 1096 1847 1162 dns

246 1205 366 1264 xerunt
387 1197 547 1281 colorem,
570 1221 633 1285 quo
654 1197 821 1283 pertinent
840 1199 885 1263 ad
912 1218 1036 1284 genus
1064 1198 1430 1286 reprehensorium.
1475 1201 1560 1271 Sunt
1585 1213 1691 1272 autem
1715 1207 1846 1304 omnino

244 1309 509 1395 reprehendendi
530 1310 675 1376 rationes
698 1310 783 1375 duae
810 1309 883 1395 ipso
907 1330 1029 1396 genere
1051 1309 1137 1375 inter
1158 1331 1195 1376 se
1218 1309 1386 1396 diversae,
1414 1311 1519 1380 ultera
1540 1317 1680 1382 modesti
1707 1339 1748 1383 ac
1768 1311 1846 1404 pru·
1916 1391 1919 1396 ,

246 1419 371 1504 dentis,
393 1421 496 1488 ultera
517 1421 723 1487 immoderati
746 1427 780 1486 et
800 1441 915 1505 parum
938 1419 1088 1487 consulti.
1124 1419 1241 1485 nomm
1261 1422 1423 1488 rationum
1438 1423 1583 1490 alteram
1606 1427 1673 1492 diei
1695 1429 1846 1496 convenit

178 1601 181 1612 ,
241 1531 434 1596 musicum
462 1532 532 1600 sive
552 1538 739 1613 venustam,
767 1529 903 1596 alteram
923 1553 1002 1598 vero
1030 1531 1226 1596 rusticam
1251 1527 1321 1596 sive
1344 1532 1572 1620 inelegantem.
1603 1558 1739 1622 quarum
1760 1559 1845 1625 quae

244 1639 351 1706 lllusis
372 1641 475 1709 utitur
496 1643 704 1729 auspicibus,
737 1663 809 1708 eam
831 1648 965 1706 secuntus
987 1647 1039 1706 est:
1059 1640 1243 1724 Hesiodus,
1276 1639 1369 1706 eslius
1396 1667 1432 1709 se
1455 1645 1651 1732 discipulum
1673 1647 1846 1734 profitetur

245 1750 412 1837 Aesopus,
425 1754 452 1838 ¹)
475 1754 591 1838 ultera,
613 1773 697 1841 quae
718 1751 909 1835 Satyrorum
932 1752 1078 1817 imitatur
1093 1753 1347 1836 procacitatem,
1367 1751 1590 1822 Archilochus
1613 1765 1646 1822 et
1663 1757 1845 1844 Hipponax

243 1861 463 1929 inclaruerunt
494 1863 770 1949 praestantissimi
802 1862 1167 1950 iamhographorum,²)
1201 1863 1288 1928 inter
1315 1883 1397 1949 quos
1428 1865 1567 1948 primum
1598 1867 1706 1936 locum
1738 1867 1847 1936 tenuit
1913 1929 1914 1932 ,

244 1971 467 2040 Archilochus
487 1983 576 2067 teste
597 1973 802 2049 Quinetiam
823 1973 871 2056 X,
895 1982 925 2056 l,
945 1979 1003 2046 59:
1033 1973 1218 2039 ‘extribus
1238 1974 1387 2059 receptis
1408 1973 1594 2053 Aristarchi
1617 1980 1741 2046 iudicio
1762 1981 1844 2046 sori·

244 2083 394 2168 ptorihus
416 2086 597 2152 iamborum
621 2087 664 2152 ad
685 2089 751 2164 ίξιν
772 2084 914 2150 maxime
936 2079 1116 2169 pertinebit
1136 2107 1218 2149 unns
1240 2083 1473 2152 Archilochus.
1496 2107 1627 2154 summe
1652 2092 1687 2156 in
1708 2092 1772 2156 hcc
1792 2092 1844 2159 vis

245 2192 452 2280 elocutionis,
474 2219 546 2262 cum
563 2196 693 2264 validae
714 2201 783 2259 tum
803 2196 922 2261 breves
937 2195 1169 2282 uibrantesque
1192 2197 1387 2278 sententiae,
1409 2194 1590 2280 plurimum.
1603 2202 1774 2286 sanguinis
1797 2209 1844 2267 at⁴

140 2373 144 2379 ,
245 2325 309 2391 quc
331 2327 519 2390 nervorum,
547 2308 630 2373 adeo
659 2314 695 2371 ut
714 2305 866 2372 videatur
891 2306 1086 2394 quibusdam
1109 2307 1197 2394 quod
1225 2327 1387 2394 quoquam
1414 2306 1521 2372 minor
1548 2316 1615 2393 est,
1646 2313 1843 2379 materiae

248 2435 322 2480 esse
344 2437 409 2481 non
432 2417 557 2504 ingenii
579 2415 718 2485 vitium’.
759 2415 878 2503 *Neque
899 2437 978 2483 vcro
1001 2416 1035 2481 in
1063 2417 1136 2482 sola·
1158 2419 1299 2482 materia
1325 2417 1359 2482 id
1386 2417 1530 2502 positum
1553 2425 1618 2503 est,
1645 2423 1732 2509 qnod
1759 2422 1844 2488 hune
1870 2406 1872 2411 ’

242 2524 418 2594 iambicam
440 2527 568 2613 poesin,
590 2548 675 2617 quae
696 2528 842 2594 musicae
865 2529 1051 2613 opponitur,
1073 2549 1195 2614 genere
1217 2527 1446 2594 secundariam
1469 2528 1536 2594 dici
1558 2531 1760 2618 conuenit-,³)
1783 2533 1845 2600 sed

245 2637 344 2704 etiam
368 2638 405 2703 in
433 2638 597 2726 tractandi
622 2639 762 2706 ratione.
809 2639 850 2709 ln
878 2640 1119 2728 distinguendis
1147 2646 1255 2704 autem
1283 2639 1337 2703 his
1365 2637 1541 2726 generibus
1569 2650 1606 2708 ut
1631 2643 1756 2709 hahens
1778 2665 1843 2732 quc

241 2745 380 2814 firmiter
401 2749 545 2834 insistas,
566 2749 659 2816 loeus
681 2752 881 2836 repetendus
904 2759 956 2817 est
978 2774 1022 2818 ex
1041 2751 1235 2834 Aristotele,
1256 2751 1311 2815 nbi
1335 2749 1446 2816 docuit
1468 2748 1696 2836 philosophus,
1717 2755 1845 2820 ‘natam

243 2879 318 2925 esse
346 2861 511 2945 poeticam
539 2883 582 2926 ex
613 2861 763 2926 imitandi
790 2836 915 2946 studio,
947 2862 1053 2948 ipsius
1081 2843 1189 2928 antem
1217 2861 1410 2927 imitationis
1438 2880 1570 2927 causam
1598 2864 1768 2930 exstitisse
1795 2864 1844 2929 di-

245 2971 360 3037 scendi
388 2993 447 3039 seu
474 2972 696 3060 cognoscendi
723 2973 865 3038 studium
887 2973 1040 3042 universo
1067 2973 1233 3039 hominum
1256 2971 1371 3060 generi
1394 2972 1539 3038 innatum
1561 2969 1731 3060 ipsamque
1753 2963 1844 3040 illurn

244 3083 466 3166 cognitionem
493 3105 554 3170 per
576 3106 612 3150 se
636 3105 710 3151 esse
738 3084 1006 3150 iucundissimam
1032 3106 1098 3150 non
1128 3086 1231 3151 solum
1258 3082 1486 3170 philosophis,
1512 3082 1698 3148 sedetiam
1722 3085 1844 3150 ceteris

240 3191 439 3277 hominibus,
461 3215 655 3279 quamquam
676 3195 730 3260 his
751 3218 811 3282 pro
835 3183 902 3266 otii',
917 3204 951 3262 et
973 3197 1218 3262 consuetudinis
1242 3194 1433 3262 diversitate
1456 3193 1554 3258 aliam
1575 3192 1651 3258 aliis
1673 3193 1842 3261 inccndio

240 3322 321 3371 rem.
339 3303 587 3368 imitantium
610 3327 761 3390 genera
784 3329 874 3372 esse
897 3308 988 3391 duo,
1020 3308 1191 3373 alterum
1215 3307 1252 3371 in
1273 3306 1493 3388 laudando,
1526 3303 1699 3370 alterum
1721 3306 1759 3370 in
1780 3327 1843 3371 re·
1918 3393 1924 3403 .

242 3415 531 3502 pre'hendeudo
555 3424 805 3510 occupatum.
833 3419 880 3482 ud
904 3417 1321 3503 genus-laudatorium
1350 3416 1750 3501 pertinere'ingcnio
1775 3434 1843 3482 exss-

243 3528 448 3616 celsiores
471 3528 779 3616 gravioresque,
803 3530 852 3594 ad
872 3551 996 3616 genus
1012 3529 1369 3616 reprehensorium
1395 3523 1843 3595 humilioresvi'liorcs-

243 3663 328 3727 que.
362 3639 484 3705 alteri
512 3659 703 3724 generum
730 3636 889 3706 illorum
917 3631 1139 3706 subiectam
1168 3662 1258 3706 esse
1284 3639 1490 3705 materiam
1517 3637 1686 3723 pulchre
1709 3645 1747 3702 e't
1774 3635 1842 3704 hn-

243 3759 359 3817 nesto
381 3750 598 3836 factorum,
631 3749 754 3816 alteri
782 3773 906 3836 prave
933 3747 1195 3840 turpiterque
1215 3750 1424 3816 factorum.
1459 3771 1515 3814 ex>
1535 3747 1665 3814 altero
1693 3769 1841 3834 genere

396 4041 424 4106 1)
442 4038 577 4097 Plutarch.
596 4037 681 4094 Gonu.
699 4038 728 4094 S.
741 4009 793 4096 ,lle
821 4042 875 4097 ἀλλ’
890 4040 1074 4112 naudaeus
1091 4041 1149 4112 ἐμοὶ
1167 4041 1238 4094 δοκεῖ
1261 4040 1419 4112 emesenum
1444 4041 1563 4092 Αἴσωπος
1584 4032 1663 4096 αὑτὸν
1684 4016 1854 4108 ἀποφαίνειν·

156 4179 160 4184 ,
241 4123 364 4200 μαθητὴν
380 4122 396 4189 ἢ
412 4123 584 4193 Ἐπιμενίδης·
610 4124 689 4196 codron
707 4125 760 4197 γὰρ
777 4124 859 4202 ἀρχὴν
879 4127 923 4192 τῆς
945 4126 1024 4190 καλῆς
1045 4127 1135 4192 ταύτης
1155 4126 1201 4178 καί
1223 4126 1337 4189 ποικίλης
1358 4123 1403 4176 καί
1424 4120 1603 4194 πολυγλώσσου
1625 4123 1721 4189 σοφίας
1743 4117 1841 4193 ὁπρός

244 4214 291 4280 τὴν
307 4208 406 4274 sudden
423 4199 501 4279 λόγος
518 4210 563 4262 τοῦ
580 4210 682 4283 ἱέρακος
699 4211 865 4286 παρέσχηκεν.
1011 4207 1013 4212 ’

394 4343 422 4411 2)
435 4342 560 4397 Taetces
578 4343 603 4396 in
622 4345 726 4414 proleg.
744 4344 777 4398 ad
794 4343 1022 4416 Lycophroncm:
1040 4345 1188 4419 ἅριπριπεῖς
1205 4345 1232 4400 de*
1251 4302 1431 4419 ιάμρογράηοι
1448 4343 1528 4412 τρεῖς·
1544 4339 1674 4403 Ἀνάνιος,
1690 4337 1840 4413 Ἀρχίλοχος,

242 4430 377 4496 Ἱππῶναξ.
833 4453 835 4456 ’

394 4567 421 4634 3)
440 4564 497 4620 Gir.
513 4563 631 4618 Naeklus
649 4565 682 4618 ad
702 4563 820 4620 Choeril.
838 4582 864 4635 p.
875 4567 923 4620 1⁹5
942 4523 969 4619 et
980 4561 1144 4634 llartungius
1162 4566 1189 4618 in
1208 4581 1241 4619 ec
1259 4565 1336 4632 libro,
1356 4561 1399 4631 qui
1416 4561 1560 4632 inscriptus
1580 4568 1633 4614 est:
1652 4555 1775 4617 ‘Lehrcn
1791 4551 1841 4610 dor

246 4651 325 4712 dites
344 4650 468 4706 iiherdie
485 4647 660 4704 Dichtknust'
678 4667 704 4720 p.
723 4654 775 4706 70..
