4234 5732
998 479 1271 556 ...313-

338 671 429 749 baut,
451 661 568 753 quibus
590 683 655 729 non
676 661 706 728 is
720 680 783 748 quo
805 666 925 746 postea
946 657 994 722 uti
1016 666 1197 744 eoeperunt
1209 659 1316 726 vietus
1338 654 1449 740 inerit,
1470 655 1531 723 seul
1545 657 1600 742 qui
1622 679 1700 724 sero
1713 661 1842 727 demum
1863 683 1939 749 spe.

338 778 445 844 rnrint
459 777 501 842 de
523 774 625 842 soleis
647 769 845 854 alimoniam,
866 773 928 836 aut'
942 769 992 834 ita
1006 766 1174 854 lingebant
1188 769 1359 834 exordium
1380 789 1490 834 rerum
1510 775 1544 834 et
1565 768 1670 854 ipsius
1690 770 1852 840 humanae
1874 771 1941 838 ori·

341 888 445 976 ginis,
476 891 514 951 ut
533 906 635 951 auran
652 883 800 968 'primum
829 879 964 970 saeeula
984 877 1091 945 fuisse
1113 879 1263 966 indeque.
1280 886 1397 944 natura
1421 900 1483 964 per
1503 878 1638 945 metella
1657 879 1776 948 viliora
1797 883 1941 966 degene-

339 1019 421 1066 rans
448 996 538 1064 ferro
571 992 707 1066 saeoula
738 999 920 1078 postrema!
936 987 1093 1074 foedasse
1127 990 1327 1058 eraderetur.
1351 1070 1354 1078 1
1375 988 1447 1056 cfr.
1474 989 1621 1058 Maenoba
1644 990 1735 1058 Som.
1756 990 1813 1060 Se.
1833 1000 1866 1077 2,
1888 999 1940 1066 10.

342 1085 421 1176 seul¹
435 1090 528 1176 laria
548 1106 613 1172 fuit
632 1126 676 1196 βο
696 1103 828 1169 diuersa
849 1101 937 1186 apud
957 1108 1089 1168 ueteres
1112 1108 1146 1166 et
1168 1102 1210 1167 ule
1232 1121 1366 1167 numero
1388 1100 1517 1168 illarum
1540 1109 1682 1168 aetatum
1705 1104 1804 1171 etde
1824 1109 1942 1170 natura

341 1213 543 1308 singulorum
566 1214 697 1302 opinio.¹
732 1211 839 1300 Quam
861 1209 1029 1277 Hesiodus
1048 1211 1206 1298 exposuit
1227 1211 1291 1277 01)
1317 1218 1513 1304 108—20tl‚
1541 1237 1582 1280 ea
1601 1235 1769 1282 numerum
1799 1215 1943 1301 eomple-

340 1331 442 1396 etltur
463 1327 663 1416 quinarium,
689 1347 709 1390 a
732 1346 795 1410 quo
823 1343 957 1388 numero
980 1322 1149 1408 discrepat
1170 1321 1325 1407 Ovidius,
1352 1323 1406 1390 eui
1429 1332 1568 1412 quatuor
1593 1325 1787 1413 plbeuerunt
1807 1324 1888 1392 Met.
1913 1333 1943 1410 1,

342 1447 521 1523 stt—150,
547 1437 688 1520 Aratus,
713 1436 808 1500 ouius
830 1417 905 1498 sunt
924 1440 994 1498 tres
1016 1431 1151 1500 Pharum
1167 1440 1244 1516 100,
1266 1431 1429 1520 Virgilius
1451 1433 1574 1523 Georg.
1599 1445 1632 1520 l,
1657 1445 1717 1512 125
1738 1437 1811 1503 coll.
1855 1437 1941 1506 Aen:

342 1557 377 1638 8,
396 1557 462 1624 314
484 1557 518 1616 et
538 1546 692 1614 Tibullus
715 1553 807 1631 1,a,
829 1551 886 1626 35,
909 1544 1027 1629 quuibus
1050 1546 1135 1610 duae
1156 1543 1377 1614 sufficiebant.
1425 1545 1615 1614 Hesiodeae
1641 1555 1750 1614 autem
1778 1551 1944 1634 eomputa-

342 1661 462 1743 tionis,
478 1681 583 1748 ‘qnam
606 1657 779 1724 eonilatam
802 1654 991 1740 e'pluribus
1013 1654 1188 1738 eoniioias‚
1213 1651 1395 1722 aremoritus
1416 1657 1558 1742 plurima
1576 1657 1649 1726 fuit.
1694 1659 1779 1725 haue
1800 1657 1943 1725 Rubrius
1990 1705 1992 1796 p

168 1803 176 1810 ·
341 1781 416 1858 tam·
432 1770 590 1857 religiose
612 1775 744 1834 sentitus
766 1774 828 1849 ost,
850 1772 887 1830 ut
907 1765 982 1850 ipse
1002 1763 1091 1831 adeo'
1108 1766 1211 1837 verba
1232 1765 1319 1832 illius
1342 1768 1506 1854 pressisse
1526 1769 1687 1838 videntur.

342 2015 345 2026 Ι
474 1931 568 2018 1Ιιιιη
591 1940 664 1996 orta
687 1885 819 2018 generis
841 1926 974 1993 humani
998 1928 1232 2014 depravatione
1254 1929 1312 1995 illa
1336 1911 1448 2016 [onio.
1471 1929 1551 1999 Met.
1576 1940 1605 2015 1,
1630 1933 1707 2020 128}

698 2055 851 2122 Protinus
866 2055 1025 2142 irrumpit
1046 2077 1149 2122 venne
1171 2039 1296 2143 peioris
1318 2057 1352 2122 in
1374 2079 1489 2127 aevum

675 2188 789 2235 omne
811 2164 916 2234 nefas.
945 2165 1062 2254 fugere
1084 2167 1192 2252 pudor
1213 2189 1392 2255 uerumque
1413 2167 1574 2256 fidesque,
1595 2149 1597 2156 Ι

693 2276 726 2340 in
749 2299 885 2363 quorum
908 2278 1039 2344 subiere
1062 2276 1169 2344 loeum
1189 2276 1390 2366 fraudesque
1413 2279 1546 2368 dolique

694 2386 900 2474 insidiaeque
924 2396 957 2453 et
978 2388 1027 2454 vis
1051 2395 1084 2456 et
1106 2411 1199 2455 arnor
1221 2390 1403 2474 sceleratus
1426 2390 1579 2458 habendi.

343 2554 411 2619 ssis
439 2555 568 2640 insigne
589 2543 678 2614 uitiis
706 2571 746 2613 ae
771 2541 916 2616 notabile
945 2571 1020 2620 esse
1046 2551 1215 2617 saeoulum
1241 2550 1386 2619 ferreum
1402 2547 1593 2622 *eorumuuis
1621 2551 1802 2619 invaluerat
1824 2553 1947 2640 opinio3

345 2667 424 2752 ipsa
450 2665 593 2730 bumana
619 2660 729 2726 indole
755 2653 898 2729 testante
926 2670 1109 2728 aommeuta
1135 2670 1317 2749 poetarum.
1346 2663 1410 2728 hue
1439 2663 1609 2749 improbae
1633 2671 1723 2729 artes
1744 2672 1840 2730 eraut·
1860 2663 1949 2758 illae,

346 2797 482 2864 quarum
505 2772 700 2839 atrooitatea
721 2771 878 2857 deinoeps
906 2795 969 2858 per
987 2782 1138 2860 tempora
1159 2795 1224 2839 non
1251 2773 1355 2840 solum
1377 2771 1469 2839 ferro
1496 2774 1558 2840 seul
1584 2775 1684 2840 etiam
1711 2796 1794 2840 auro
1813 2772 1950 2841 foedata

342 2895 403 2952 aut
425 2905 540 2951 arnere
562 2905 584 2948 a
605 2905 643 2949 se
665 2889 722 2946 aut
742 2868 922 2970 profligare
944 2893 1003 2956 out*
1023 2885 1193 2952 intleetere
1214 2886 1268 2952 vel
1288 2885 1441 2972 mitigare
1470 2892 1526 2950 aut
1548 2877 1689 2978 denique
1711 2907 1817 2974 aequo
1841 2885 1949 2950 auimo

307 3048 310 3053 -
343 2998 510 3064 sustinere
532 3000 746 3082 angerentur,
774 2993 802 3086 si
826 2996 881 3081 qui
903 3017 968 3061 non
997 2998 1050 3062 aul
1067 2996 1258 3063 inferendas
1280 2998 1341 3064 sed
1363 2999 1406 3061 arl
1428 2995 1582 3062 ferendas
1609 2996 1747 3064 iniurias
1768 2996 1836 3064 nati
1857 2996 1950 3063 vide·

344 3103 468 3176 rentur.
499 3097 697 3192 depravatae
723 3103 779 3172 ille
807 3128 917 3182 rerum
944 3107 1156 3195 humanarum
1184 3115 1289 3174 status
1316 3115 1471 3194 tanquam
1492 3106 1570 3172 fona
1596 3107 1725 3173 exstitit
1754 3115 1788 3173 et
1815 3106 1950 3176 iniuria·

346 3241 418 3284 rum
442 3213 656 3296 etmalorum
677 3217 753 3283 imle
776 3213 991 3302 annuentium,
1014 3239 1057 3285 ex
1080 3242 1143 3306 quo
1165 3218 1259 3284 fonte
1282 3219 1503 3305 sotsoipiendis
1524 3219 1613 3286 vitae
1635 3218 1782 3284 eonsiliis
1806 3225 1863 3284 aut
1882 3239 1951 3282 mo-

348 3331 426 3396 nom
452 3335 606 3414 repetere
629 3335 686 3393 aut
706 3319 800 3414 quasi
823 3332 983 3416 qroueolam
1011 3329 1119 3416 pretia
1147 3329 1211 3395 sibi
1240 3331 1379 3418 quisque
1406 3337 1570 3420 statuere¹
1589 3338 1780 3415 coeperunt,
1812 3329 1890 3394 hine
1914 3335 1952 3392 ut

346 3439 423 3506 aliis
445 3439 593 3506 noeendo
617 3440 679 3504 sibi
706 3441 913 3506 aonsrulereut
946 3433 1115 3524 iniuriosi,
1141 3441 1220 3506 hine
1241 3449 1278 3506 ut
1299 3465 1336 3508 se
1359 3463 1501 3529 suasque
1523 3462 1578 3508 rer
1601 3441 1642 3504 ab
1665 3439 1793 3506 iniuriis
1820 3449 1950 3505 tueren-

346 3547 604 3617 tur'fortnnetis
623 3551 746 3617 vadati.
767 3551 846 3638 quid
867 3551 988 3617 multu'l
1017 3551 1127 3619 ferreo
1151 3552 1284 3618 saeculo
1306 3549 1367 3618 vis
1395 3552 1508 3637 eoepit
1529 3557 1571 3630 et.
1590 3551 1775 3637 nequitie
1802 3549 1951 3617 exaitare

348 3663 483 3751 ingenie
503 3667 536 3726 et
558 3681 678 3728 uouere
699 3670 767 3727 tam
781 3663 823 3726 -in
844 3661 981 3728 fraudes
1007 3685 1102 3750 quum
1124 3664 1158 3728 in
1179 3659 1307 3730 tutandi
1334 3684 1374 3728 ae
1397 3662 1596 3730 defendendi
1623 3662 1782 3749 pericula.
1815 3681 1952 3748 quornm

348 3769 406 3836 aut
426 3795 483 3838 res
504 3780 615 3838 essent
636 3773 845 3859 angustiores
866 3782 923 3839 aut
944 3772 1078 3840 fortuna
1100 3774 1227 3858 durior,
1258 3775 1306 3840 illi
1328 3773 1485 3846 videlieet
1506 3796 1567 3839 usu
1590 3774 1735 3861 experiri
1759 3779 1951 3859 eoeperunt3

349 3884 438 3968 quod
460 3903 524 3948 non
545 3881 610 3949 fuit
630 3882 703 3950 fera
724 3884 788 3950 nisi
811 3883 1235 3952 subulonibus-conoessum
1259 3883 1358 3950 fateri
1383 3885 1544 3970 [Phaedr.
1560 3893 1599 3968 ’1,
1615 3885 1658 3970 lt]

749 4047 874 4134 Contra
894 4055 1046 4135 potentes
1069 4071 1164 4116 nemo
1188 4049 1239 4113 est
1260 4048 1402 4114 munitus
1424 4048 1517 4114 satis.
1574 4106 1579 4120 ,

753 4159 780 4228 si
802 4181 881 4226 voro
905 4159 1048 4230 neeessit
1070 4157 1262 4225 consiliator
1283 4155 1463 4242 maleficus,

749 4269 801 4335 vir
825 4279 858 4335 at
881 4267 1028 4362 nequitia
1050 4270 1208 4360 quidquid
1232 4278 1432 4357 oppugnant,
1453 4270 1529 4337 ruit.

351 4429 445 4496 lstud
466 4430 633 4496 muniendi
655 4433 822 4520 negotium
844 4433 899 4497 ubi
921 4436 1059 4521 primum
1082 4455 1147 4499 non
1168 4433 1275 4520 potuit
1298 4435 1439 4500 bumana
1461 4432 1608 4498 oratioue
1630 4428 1769 4514 transigi
1791 4425 1855 4491 nisi
1878 4447 1951 4504 eum

351 4538 500 4626 portento
521 4541 803 4629 praesentissimo,
823 4545 920 4610 bruta
941 4545 1119 4612 animantia
1141 4545 1173 4610 io
1195 4545 1413 4632 patrocinium
1427 4549 1544 4611 voeata
1567 4551 1652 4626 sunt,
1672 4561 1756 4632 quae
1777 4537 1884 4624 prima
1903 4537 1950 4642 vif

353 4652 449 4718 detur
471 4675 510 4717 ae
530 4677 610 4722 vera
631 4651 736 4720 fuisse
758 4657 852 4744 origo
875 4639 1106 4746 apologorum,
1132 4679 1270 4743 eamque
1292 4666 1426 4724 seeutus
1453 4664 1505 4722 est
1526 4653 1679 4721 Babrius.
1721 4641 1795 4715 Non
1817 4667 1951 4734 magno·

353 4783 432 4847 pere
454 4764 535 4829 mibi
557 4766 715 4850 probatur
734 4764 853 4834 Iuliani
875 4769 1003 4854 opinio,
1031 4769 1085 4854 qui
1109 4767 1186 4852 (Or.
1209 4767 1296 4853 vll)
1319 4769 1455 4855 primam
1483 4767 1576 4853 ponit
1596 4762 1740 4829 fabulam
1767 4760 1870 4827 fuisse
1893 4778 1951 4822 ex·
