4234 5732
976 472 1253 560 appa-

309 660 465 732 fabulis
485 663 573 732 utl'.
604 661 689 728 -lrno
710 673 819 744 iero,
841 663 1056 728 communiter
1077 659 1145 728 dici
1165 657 1340 748 Aesopias
1358 672 1596 731 consueverant
1624 657 1689 732 ιἰιιιι·
1709 657 1788 758 quia
1810 663 1916 738 Aeso-

305 797 371 864 pus
393 775 587 862 frequenter
603 773 653 837 uti
674 771 799 840 fabulis
827 773 946 838 solitus
973 773 1094 840 esset
1085 795 1122 838 ιιι
1126 767 1389 858 conventibus,
1397 767 1487 864 quod
1514 767 1631 861 ipsum
1648 778 1778 866 insigne
1803 779 1916 849 herio-

308 885 398 952 landi
427 886 654 951 documentum
684 892 754 968 est,
785 884 846 950 sed
874 883 952 998 quia
982 882 1100 970 vulgus
1129 881 1352 990 sophistarum
1386 899 1499 952 omues
1531 887 1741 972 promiscue
1754 891 1914 979 apologos

307 995 460 1087 Aesopo
471 997 619 1062 tribuere
641 989 738 1082 quam
765 1017 871 1060 snum
886 985 1056 1080 citiusque
1072 995 1205 1080 generis
1234 987 1403 1061 ιιιιοιιιιιιιιι
1431 996 1632 1084 investigare
1666 1007 1707 1065 et
1739 997 1915 1070 oo'nsilia

310 1106 506 1193 exemplis
535 1106 814 1172 demonstrare
847 1092 952 1170 satius
979 1112 1184 1214 putaverunt.
1233 1097 1373 1174 Cautius
1401 1108 1468 1194 egit
1490 1105 1718 1182 Quintilianus
1740 1109 1774 1180 V
1799 1120 1856 1194 11,
1875 1119 1911 1186 9.

292 1217 407 1283 .‘Illae
436 1239 563 1304 quoque
591 1213 725 1281 fabulae
747 1237 831 1302 quae
860 1215 990 1280 etiamsi
1006 1215 1180 1302 originem
1207 1217 1249 1282 ab
1270 1216 1405 1303 Aesopo
1435 1226 1650 1302 acceperunt,
1680 1224 1756 1285 nam
1774 1223 1914 1290 'videtur

305 1349 421 1394 earnm
442 1325 567 1414 primus
589 1333 705 1392 auctor
719 1324 900 1409 Hesiodus,
920 1327 1051 1392 nomine
1072 1333 1182 1392 tamen
1197 1325 1325 1412 Aesopi
1348 1329 1491 1393 maxime
1514 1327 1748 1398 celebrantur'.
1772 1346 1912 1419 quo‘cam

306 1435 382 1504 fere
405 1438 568 1503 consentit
590 1436 710 1504 Theon
733 1431 833 1523 l'rog.¹
855 1459 883 1502 c.
900 1441 940 1518 3,
961 1457 993 1521 p.
1010 1443 1063 1508 29.
1097 1444 1240 1504 ceterum
1265 1436 1390 1519 confer,
1412 1437 1441 1502 si
1464 1428 1518 1502 ros
1540 1439 1623 1503 tanti
1651 1447 1721 1526 est,
1741 1437 1911 1510 'isidorum

295 1547 405 1636 'Hisp
429 1555 460 1632 l,
481 1555 533 1620 39.
556 1546 672 1616 Vossii
694 1546 776 1613 last.
800 1553 901 1628 ord,
925 1553 975 1628 15,
997 1555 1028 1618 2.
1725 1562 1726 1566 ’
1787 1621 1790 1626 Δ
1891 1566 1893 1572 ’

312 1701 318 1710 -
428 1661 430 1666 ’
456 1658 597 1744 Aesopi·
616 1657 748 1724 fabulas
781 1664 1026 1743 comparantem
1059 1679 1132 1722 cum
1169 1658 1212 1722 iis
1244 1659 1358 1742 rebus,
1396 1679 1478 1746 quas
1514 1661 1635 1745 partim
1664 1639 1768 1758 Vitae·
1798 1671 1911 1732 aucto'·

307 1771 415 1856 res,¹)
437 1769 556 1857 partim
581 1768 637 1835 alii
662 1769 842 1855 scriptores
865 1768 908 1832 ad
921 1767 1036 1854 ‘ipsum
1058 1763 1224 1850 referunt,
1237 1776 1330 1835 recta
1350 1770 1435 1834 ratio
1450 1771 1595 1854 docebit,
1610 1763 1795 1860 Phrygium
1815 1774 1910 1842 fabu-

306 1881 446 1963 latorem
475 1881 565 1946 illum
593 1903 636 1946 ex
668 1873 779 1946 ιιόιιιιιι
806 1877 912 1945 fuisse
945 1879 1111 1944 hominum
1140 1891 1266 1964 censu,
1288 1880 1406 1966 quibus
1427 1871 1652 1965 'prudentia
1684 1859 1760 1949 cum¹
1783 1885 1908 1982 honore

307 1994 408 2062 etiam
429 1991 570 2058 ιιιιιιιιιιιι
592 1991 833 2076 sapientiae
844 1987 1002 2080 largitur.
1047 1989 1187 2055 Constat
1207 1990 1294 2057 enim
1315 1989 1516 2076 Aesopum*
1507 2011 1541 2055 ιιι
1566 1984 1753 2076 sapientum
1773 2017 1908 2063 numero

307 2106 436 2171 censeri
464 2105 529 2169 iam
552 2103 646 2220 apud
674 2102 826 2190 antiquos
848 2100 980 2166 solitum
1009 2107 1043 2166 et
1062 2122 1128 2165 non
1150 2093 1255 2166 solnm
1277 2102 1319 2167 ab
1340 2101 1513 2167 Herodoto
1535 2098 1675 2188 aliisquo
1696 2125 1805 2169 rerum
1826 2107 1909 2171 sori-

247 2286 252 2296 ,
304 2215 473 2303 ptoribus,
493 2198 585 2280 sed
576 2211 659 2298 apsis
683 2213 766 2278 adeo
786 2212 868 2278 viris
896 2213 929 2276 in
956 2209 1169 2298 philosophia
1195 2212 1400 2299 principibus
1423 2210 1562 2278 Platone
1584 2218 1618 2277 'et
1637 2194 1822 2282 Aristotele
1842 2237 1908 2281 non

306 2327 447 2392 obscure
479 2325 544 2390 hoc
570 2325 701 2390 nomine
729 2323 897 2389 laudatum
924 2321 1039 2388 faisse.
1084 2317 1211 2432 (luem
1219 2321 1329 2390 tamen
1354 2345 1426 2389 rom
1455 2335 1535 2388 aava
1564 2321 1757 2409 simplicitas
1785 2327 1908 2432 dictam

301 2437 461 2524 accipias.
493 2434 592 2502 aliter
624 2436 710 2500 enim
743 2434 876 2520 sapiunt
908 2413 1094 2534 homines
1086 2422 1218 2520 ragenui
1242 2441 1281 2500 ιιι
1306 2433 1495 2518 liberales,
1515 2432 1626 2500 aliter>
1641 2435 1814 2501 servitia
1805 2423 1906 2526 rique,

304 2549 361 2638 qui
387 2546 609 2635 potentiorum
638 2545 851 2612 dominationi
878 2544 1080 2633 arbitrioque
1104 2544 1243 2610 ‘obnoxii
1278 2552 1335 2610 ant
1364 2554 1440 2610 sunt
1467 2552 1523 2612 aut
1550 2567 1625 2616 esse
1653 2545 1717 2612 sili
1742 2546 1904 2614 videntur.

303 2659 339 2726 A
352 2658 497 2746 genuina
517 2657 692 2744 sapientia,
713 2656 806 2722 cuius
829 2678 907 2742 pars
926 2657 1110 2742 praecipua
1131 2656 1165 2720 in
1183 2655 1470 2724 invicto-veritatis
1491 2655 1602 2722 studio
1624 2658 1733 2742 posita
1754 2663 1817 2741 est,
1832 2658 1903 2728 dlv·

306 2769 397 2836 cerni
420 2768 521 2835 debet
541 2768 702 2834 imitatrix
724 2767 793 2850 illa,
816 2765 904 2853 quae
922 2787 988 2831 non
1009 2773 1076 2831 tam
1097 2772 1189 2832 recte
1212 2788 1307 2854 quam
1330 2767 1570 2852 circumspecte
1593 2769 1722 2850 agendo
1741 2769 1830 2834 vires
1852 2789 1905 2838 ass

301 2879 414 2963 sumit,
435 2878 542 2947 civilis
564 2879 631 2944 ista
652 2878 878 2965 comptiorque
899 2877 1118 2964 providentia,
1139 2898 1204 2966 qua
1224 2880 1354 2962 ιιιιιιιιιι,
1376 2900 1451 2944 cam
1473 2884 1531 2942 aut
1552 2873 1667 2943 salvas
1683 2886 1740 2943 aut
1759 2877 1905 2944 fortuna

283 2995 357 3056 ‘tas
377 3013 434 3058 res
454 2997 586 3056 nostras
609 2988 772 3074 cupimus,
798 2989 940 3076 denique
962 2989 1116 3076 ambigua
1137 2987 1195 3054 illa
1216 2981 1346 3056 servilis
1367 2990 1493 3076 ingenii
1515 2988 1695 3075 sapientia,
1719 3010 1816 3075 quam
1837 3008 1905 3056 ma·

302 3101 368 3166 rito
398 3101 525 3168 dixeris
551 3100 794 3187 prodigiosam,
825 3100 853 3165 si
881 3098 1052 3185 vulgarem
1078 3099 1150 3164 cius
1174 3105 1366 3186 proventum
1396 3100 1439 3166 ad
1463 3097 1640 3167 masculam
1665 3099 1819 3166 virtutem
1847 3119 1905 3166 ex·

305 3211 426 3299 egeris.
458 3211 545 3277 hanc
573 3211 760 3314 ambiguam
787 3210 985 3295 sapientiam
1018 3210 1116 3275 homo
1144 3209 1310 3298 Phrygius
1334 3232 1399 3276 aon
1425 3211 1637 3290 mediocriter
1661 3208 1818 3276 calluisse
1846 3229 1904 3277 ex·

304 3323 499 3390 istimandos
523 3327 584 3388 est.

183 3421 185 3428 ’
315 3463 318 3474 ·
452 3431 526 3499 Non
550 3429 736 3514 defuerunt,
756 3431 812 3517 qui
834 3429 1005 3518 Aesopum
1028 3433 1166 3499 cundem
1188 3413 1294 3498 fuisse
1321 3454 1393 3499 cam
1414 3432 1584 3501 Locmaao
1608 3398 1818 3520 opinarentur
1840 3430 1909 3518 [ιιι.

303 3543 358 3612 Ile
380 3543 503 3611 Furiae
527 3542 659 3629 Proleg.
682 3542 725 3607 ad
746 3539 916 3627 Aeropum
936 3565 969 3630 p
991 3541 1133 3628 Xlll,
1124 3564 1158 3608 ιιι
1181 3564 1246 3632 qna
1266 3544 1421 3630 opinione
1442 3568 1504 3633 per
1525 3565 1562 3640 sp
1584 3544 1666 3610 satis
1688 3543 1800 3631 inepta
1820 3541 1903 3608 illud
1959 3547 1962 3552 '

304 3655 414 3722 inesse
436 3676 550 3724 verum
571 3652 676 3720 videri
699 3639 827 3738 potest,
853 3655 940 3740 qnod
962 3661 1133 3743 utrumque
1154 3676 1235 3743 prae
1256 3657 1409 3724 ceteris
1400 3659 1561 3745 insignem
1581 3655 1737 3722 reddidit.
1777 3648 1904 3718 Ferunt

304 3771 413 3830 autem
433 3765 638 3856 Locmanum
659 3764 897 3850 interrogatum
919 3767 1118 3853 aquodam,
1144 3788 1209 3852 qno
1231 3774 1328 3852 pacto
1352 3789 1395 3833 ex
1416 3767 1530 3833 humili
1558 3766 1744 3832 conditione
1771 3764 1813 3829 ad
1833 3762 1904 3830 lao-

302 3875 422 3944 tiorem
442 3853 595 3944 samanae
619 3881 737 3941 statum
761 3877 960 3963 pervenerit,
982 3897 1022 3940 eo
1042 3877 1265 3962 respondisse,
1285 3879 1374 3966 quod
1390 3879 1563 3945 didicisset
1581 3897 1679 3946 vera
1700 3874 1839 3942 dicere
1862 3881 1902 3941 ιιι
2003 3909 2007 3924 ·

303 4010 351 4054 ca
377 3993 533 4070 tacere,
565 4009 666 4075 quae
694 3987 773 4053 sibi
800 3987 1000 4073 prodesse
1027 4008 1101 4055 non
1129 3996 1309 4073 possent.
1353 3988 1498 4056 Pulchre
1520 4010 1592 4055 cnm
1620 3987 1673 4050 lris
1694 3987 1901 4068 conveniant,

210 4091 214 4108 '
302 4087 388 4186 quae
409 4099 566 4185 Aesopus
588 4097 735 4164 suasisse
757 4096 873 4164 Saloni
897 4099 1030 4182 dicitur,
1051 4120 1123 4165 cum
1146 4119 1210 4164 una
1233 4107 1344 4166 essent
1364 4099 1452 4187 apud
1474 4099 1633 4166 Croesum
1655 4119 1768 4185 regem
1789 4096 1903 4180 Lydo·

301 4232 383 4282 rum·
426 4208 531 4277 Solon
554 4211 639 4276 enim
661 4209 695 4274 in
717 4207 899 4296 longiorem
922 4211 1092 4298 ingressus
1114 4210 1294 4278 orationem
1317 4213 1403 4297 apud
1424 4233 1537 4300 regam
1558 4207 1649 4274 illum
1670 4231 1744 4275 cam
1766 4223 1807 4273 ea
1827 4213 1900 4272 ute-

193 4337 198 4344 ·
250 4322 252 4326 ’
301 4329 394 4390 retur
416 4322 547 4390 dicendi
568 4319 740 4403 libertate,
759 4341 844 4405 quae
865 4343 931 4388 aon
952 4320 1087 4387 multum
1109 4321 1227 4386 abesse
1249 4323 1437 4407 opericulo
1458 4324 1640 4405 videretur,
1660 4319 1833 4405 Aesopus,
1857 4326 1900 4384 ut

302 4431 416 4498 homo
437 4434 631 4519 prudens,
657 4433 714 4520 qui
741 4431 823 4498 satir
847 4435 903 4500 diu
932 4432 1062 4499 scilicet
1081 4433 1222 4500 vixisset
1247 4434 1333 4500 inter
1355 4434 1479 4500 aulicos
1504 4432 1654 4498 homines
1681 4429 1898 4518 cognitosque

302 4543 441 4611 haberet
472 4567 581 4610 mores
610 4543 739 4609 illorum
772 4566 879 4630 neque
908 4546 1076 4632 ignoraret
1100 4545 1249 4612 veritatis
1274 4545 1496 4626 insolentiam,
1529 4544 1674 4618 decere
1701 4541 1899 4609 admonebat

452 4784 480 4851 l)
497 4782 610 4840 Praeter
628 4781 791 4838 Planudeam
809 4785 868 4839 dioc
886 4786 954 4853 illas,
974 4801 1039 4855 quas
1054 4785 1139 4839 'edidit
1156 4780 1561 4855 Westermonnurllmns'vigae
1579 4783 1652 4838 18⁴5.
