4234 5732
923 447 1200 520 ...η-

121 672 128 684 .
260 653 335 704 ιιιιιι
356 627 597 715 distinguenda,
619 643 705 712 quae
724 619 933 708 inexplorata
953 619 1221 708 reliquitThoon
1236 620 1351 690 dicens
1373 623 1408 692 od
1428 629 1645 710 πρυςιιιίμινυν
1665 625 1773 714 adesir
1791 630 1863 700 ἐαᾰ.
1919 615 1923 620 ’
1996 637 1999 648 “

262 759 338 810 orco
358 739 443 806 ἴδιον
463 739 559 820 γένος.
601 733 635 799 Α
655 731 794 819 reliquis
824 753 903 820 orgo
933 733 1083 799 omnibus
1107 736 1289 817 μυθλαμβος
1309 731 1497 800 Βιλιὶιιιιιιιι
1518 734 1765 806 discriminatur
1789 750 1862 811 tans

263 873 359 939 quam
381 849 505 946 relator
526 845 658 940 quidam
680 861 801 910 causac
822 843 984 929 gravioris
1005 842 1230 930 aliquando
1200 865 1343 910 virorum
1365 845 1476 912 studia
1497 846 1735 919 excitaturae.
1854 859 1856 866 '

231 1045 235 1052 ἱ
411 957 476 1027 Vs:
495 961 518 1032 7
544 955 671 1040 δίδωμι,
692 957 826 1046 καθαρῷ
843 955 979 1047 χρυσέῳ]
1004 954 1180 1046 χρυσίῳΒ.
1213 953 1347 1046 ῳαλάρῳ
1367 959 1484 1047 χρυσέῳ
1505 955 1652 1042 1).ᾄύιι
1679 964 1864 1089 κικρυῳπλῳ

263 1073 380 1164 χρυσέῳ
400 1069 444 1138 L.
466 1066 581 1152 δλύιιμι
600 1068 747 1174 καρχάρῳ
766 1065 849 1156 λύκῳ
869 1087 899 1134 e.

412 1177 557 1246 Doctum
583 1163 767 1262 scitumque
794 1131 940 1260 falsare,
973 1177 1060 1262 quod
1087 1177 1245 1262 seriptum
1272 1197 1295 1244 a
1318 1175 1534 1244 Lachmanno
1563 1187 1629 1264 cst,
1648 1185 1725 1250 sed
1751 1185 1862 1270 paullo

239 1293 396 1380 ·longius
429 1291 523 1356 abest
555 1311 576 1354 a
604 1287 760 1372 vulgatae
791 1285 945 1356 lectionis
977 1286 1190 1356 similitudine
1215 1295 1492 1377 praetereoque
1482 1297 1632 1358 ornatum
1659 1292 1761 1360 infert
1788 1295 1862 1362 cuni
1918 1339 1921 1344 -

263 1404 330 1472 hoc
356 1403 431 1469 loco
456 1401 515 1474 vix
546 1396 796 1469 conciliandum.
851 1396 925 1464 Non
952 1419 1039 1484 nego
1066 1419 1146 1466 sene
1173 1399 1216 1464 ad
1248 1400 1413 1485 poeticam
1444 1422 1549 1486 paene
1581 1404 1616 1469 in
1647 1404 1701 1469 his
1731 1405 1862 1474 laudern
1945 1414 1970 1500 '¹

262 1536 404 1602 surgere
442 1509 731 1597 iambographum,
769 1509 831 1576 sed
861 1509 950 1576 idem
982 1517 1091 1580 tamen
1127 1509 1335 1592 mythiarnbis
1374 1510 1547 1597 praefatur
1581 1514 1696 1580 certis
1713 1524 1862 1586 naturam

265 1646 379 1696 eorum
401 1621 505 1709 signis
528 1619 754 1706 expositurus,
787 1641 871 1706 quae
900 1621 1083 1688 suadebant
1109 1621 1274 1705 rationes,
1304 1628 1340 1686 ut
1361 1623 1564 1691 scriberetur
1584 1624 1699 1710 δίδωμι
1718 1632 1862 1722 καρχάρῳ

263 1737 356 1828 λύκῳ.
378 1733 554 1840 Videntur
575 1738 684 1798 autem
704 1732 807 1798 verba
828 1730 887 1798 illa
907 1730 972 1800 hoc
992 1732 1089 1798 modo
1116 1732 1257 1802 abisso
1248 1753 1282 1798 ιιι
1305 1719 1597 1817 depravationem.
1609 1736 1714 1804 minus
1735 1741 1866 1826 perspi·

265 1869 328 1920 cae
351 1833 424 1912 cum
446 1849 616 1911 exaratum
637 1839 758 1912 fuisset
771 1866 937 1928 καρχαρωι,
956 1841 1112 1912 librarius
1133 1841 1252 1930 aliquis
1274 1843 1431 1929 scriptum
1451 1832 1586 1930 legebat
1599 1851 1753 1934 καθαραι.
1776 1853 1865 1938 qnod

267 1958 346 2045 quid
368 1957 412 2024 sit
435 1977 521 2025 oum
530 1952 614 2019 alter
637 1952 777 2039 quidam
790 1952 983 2036 ιλιιλιίῐιιιιιῒ,Ι
980 1953 1072 2020 auri
1093 1953 1302 2038 splendorem
1322 1953 1522 2023 commentus
1545 1964 1607 2024 est.
1649 1957 1765 2047 Neque
1784 1984 1866 2029 vero

266 2068 436 2160 incognita
455 2065 564 2152 poetis
585 2072 678 2131 erant
700 2085 801 2131 aurea
820 2062 945 2149 lupata,
965 2065 1054 2133 velut
1069 2061 1213 2132 Martial.
1228 2071 1345 2150 1,·105,
1365 2070 1402 2136 d:
1424 2066 1634 2133 ‘mordebant
1656 2092 1757 2137 aurea
1769 2073 1866 2160 >quod

160 2207 162 2214 ·
265 2179 380 2266 lupata
396 2177 506 2261 carvi’,
527 2197 663 2264 quorum
682 2173 783 2240 focile
805 2173 994 2240 meminisse
1015 2181 1146 2260 poterat
1160 2175 1257 2242 homo
1280 2177 1455 2242 dubitator.
1492 2178 1540 2242 ed
1556 2185 1757 2263 postremum
1778 2183 1866 2250 idern

269 2291 407 2372 accidit,
433 2288 520 2375 quod
541 2285 662 2373 prioris
684 2285 845 2371 prooemii
866 2307 964 2358 versu
985 2293 1028 2380 Ι12
1050 2287 1279 2373 exposuimus,
1293 2294 1340 2354 ‘ut
1361 2287 1522 2354 vocabula
1545 2289 1688 2375 genuina
1710 2295 1869 2360 oederent

268 2401 579 2488 interpretamento,
606 2398 693 2463 unde
714 2399 849 2488 καθαρῷ
866 2398 996 2488 χρυσέῳ,
1025 2398 1112 2484 qnod
1137 2397 1273 2472 exhibet
1300 2397 1537 2485 apographum.
1579 2398 1635 2466 lle
1653 2401 1735 2492 λύκῳ
1756 2412 1868 2472 autern

269 2511 404 2592 dubium
426 2531 502 2584 esse
524 2530 589 2574 non
610 2513 730 2594 potest.
774 2505 978 2590 Hesychius:
1000 2507 1092 2588 λύκος
1113 2545 1156 2556 -·
1177 2509 1284 2576 καὶτὸ
1307 2509 1345 2574 ἐν
1363 2519 1429 2586 τοῖς
1446 2499 1586 2592 χαλινοῖς
1607 2511 1755 2600 σιδήριον.
1788 2515 1869 2584 Plus

268 2624 375 2704 taroh.
392 2620 428 2688 S.
445 2617 533 2702 M,
554 2626 590 2692 8:
618 2625 734 2694 ἵππους
754 2618 956 2695 λυκοσπάδας
978 2617 1010 2688 oi
1030 2624 1087 2704 μὲν
1109 2616 1175 2686 ἀπὸ
1196 2623 1259 2685 τῶν
1277 2620 1416 2702 χαλινῶν
1437 2623 1500 2689 scin
1520 2619 1623 2686 λύκων
1642 2621 1769 2709 ἔφασαν
1786 2623 1868 2706 dvo,

270 2735 396 2822 μύσθυι
418 2730 474 2796 διὰ
500 2731 535 2796 ιο*
558 2728 726 2812 θυμοειδὲς
751 2733 804 2796 καὶ
830 2727 1043 2796 δυσκάθεκτον
1069 2731 1152 2802 odem
1178 2733 1456 2820 σωῳρονυυμένους
1479 2729 1537 2797 -.’
1579 2751 1686 2818 noque
1712 2738 1867 2824 κάρχαρον

270 2842 418 2938 ¹abludit,
445 2841 531 2928 quod
552 2839 640 2904 idem
662 2837 850 2926 significare
873 2838 1065 2926 οιιιιιίραχύ
1085 2840 1139 2907 vel
1161 2837 1218 2920 ὀξύ
1240 2841 1398 2916 discimus
1419 2863 1463 2910 ex
1484 2839 1644 2924 Hesychii
1665 2845 1814 2932 νύρκαριιι
1835 2852 1871 2914 et

270 2953 431 3038 κύρχαροι.
462 2950 570 3017 simile
598 2958 665 3036 est,
699 2951 787 3036 quod
812 2948 933 3036 legitur
959 2952 1046 3036 apud
1074 2949 1215 3037 Oppian.
1244 2953 1287 3020 de
1312 2951 1396 3037 piso.
1424 2961 1459 3022 l:
1490 2957 1542 3018 καὶ
1570 2951 1683 3018 ἔνδοθι
1710 2955 1870 3043 κάρχαρον

272 3067 370 3154 ἕρκος.
410 3061 474 3134 Est
495 3071 603 3130 autem
624 3059 731 3148 ligura
758 3060 815 3126 illo
843 3063 887 3126 ad
907 3060 1024 3132 Babrii
1045 3071 1186 3152 mentem
1214 3062 1400 3150 aptissima,
1433 3063 1793 3149 utpote'oomparantis
1813 3065 1871 3131 ’τὸν

271 3173 456 3259 μυθλαιιβον
478 3198 551 3243 cum
573 3181 666 3263 ἵππῳ
679 3170 804 3267 ὁπλίτῃ,
832 3173 886 3259 qui
909 3195 970 3259 per
991 3195 1028 3238 so
1051 3172 1183 3260 quidem
1204 3177 1319 3258 ἴαμβον
1339 3173 1524 3260 promittit,
1543 3195 1639 3260 quem
1659 3175 1871 3260 proprie-vo·

275 3305 405 3368 camus,
427 3307 528 3371 quare
551 3283 735 3352 addendum
758 3283 800 3348 ab
823 3283 880 3346 illo
902 3282 982 3367 fuit,
1009 3307 1073 3370 quo
1094 3285 1302 3372 mitigaretur
1322 3283 1444 3372 figura,
1468 3267 1558 3372 'quod
1579 3306 1644 3352 non
1666 3285 1775 3371 aptius
1796 3284 1870 3353 fere

274 3395 383 3482 potuit
408 3393 498 3480 fiori,
531 3418 625 3482 qulam
653 3392 758 3459 frenis
791 3393 922 3479 lupatis
956 3395 1008 3460 his
1037 3395 1123 3463 enim
1156 3396 1264 3461 acrior
1292 3398 1464 3464 coercetur
1491 3418 1594 3482 equus
1622 3403 1656 3462 et
1681 3395 1872 3482 animosior,

275 3507 447 3593 quominus
478 3507 582 3572 irruat
614 3507 700 3572 iusto
733 3503 889 3571 ferocius.
922 3505 1072 3593 signatur
1103 3515 1211 3572 eutem
1244 3531 1386 3598 ναρχαρῳ
1417 3509 1499 3597 λύκῳ
1529 3509 1668 3575 materia
1699 3505 1873 3591 fabularis,

153 3633 155 3638 '
277 3619 376 3694 dueta
405 3643 425 3686 a
446 3618 631 3687 coercendo
652 3638 712 3688 seu
732 3617 914 3704 mitigando
937 3599 1160 3687 similitudine.
1181 3641 1257 3684 nam
1277 3639 1320 3685 ca
1345 3619 1479 3706 quidem
1497 3641 1535 3685 re
1559 3617 1720 3704 imprimis
1741 3624 1873 3682 cautum

276 3727 334 3796 illc
355 3730 474 3817 voluit,
495 3752 537 3795 ne
561 3729 739 3795 evaderent
760 3730 905 3814 carmina
926 3727 1162 3799 Archilochica
1184 3738 1254 3799 sive
1275 3728 1525 3815 Hipponacteo,
1546 3752 1682 3815 quorum
1703 3729 1873 3816 proprium

278 3837 344 3910 fuit
363 3863 399 3904 co
390 3840 579 3925 ἰαμβίζειν.
615 3823 756 3926 denique
778 3839 832 3906 his
852 3841 962 3909 verbis
986 3842 1134 3928 apprime
1155 3841 1416 3926 respondentem
1436 3845 1560 3926 κέντρα,
1593 3863 1677 3928 quae
1698 3837 1873 3924 profitetur

279 3971 301 4020 a
322 3949 361 4018 se
382 3959 498 4016 auctor
518 3951 679 4038 mitigata.
708 3949 770 4018 Vs.
782 3957 823 4028 12
843 3951 935 4037 ἢμι]
956 3950 1014 4037 ἢμὲ
1026 3949 1070 4020 L.
1092 3949 1154 4019 Vs.
1167 3958 1206 4023 13
1225 3951 1341 4040 Ιλουκῇ]
1359 3951 1453 4043 ,λευκῇ
1464 3949 1512 4018 Bo
1529 3949 1588 4019 Vs.
1603 3948 1749 4038 lacco]
1772 3949 1811 4016 ού
1825 3949 1872 4018 la·

172 4065 176 4076 '
394 4057 398 4064 ’
429 4059 581 4129 Transeo
604 4063 647 4128 ad
675 4061 811 4128 alteram
834 4068 979 4146 partem,
1007 4084 1071 4148 qua
1098 4061 1266 4149 utriusque
1293 4063 1453 4147 prooemii
1481 4067 1671 4150 argumenta
1698 4060 1749 4126 sio
1770 4071 1872 4146 eupo-¹

280 4193 360 4259 nore
382 4171 604 4256 institueram,
629 4179 666 4239 ut
694 4181 871 4260 appareret
896 4173 990 4257 indo,
1018 4174 1096 4260 quid
1123 4173 1253 4248 consilii
1280 4181 1413 4244 secutus
1444 4197 1519 4241 esse
1540 4171 1683 4240 Bahrius
1704 4172 1874 4239 videretur

280 4283 315 4353 iu
337 4284 507 4354 condendo
529 4283 802 4366 mythiamborum
824 4306 956 4370 genere.
1045 4375 1046 4380 ρ

432 4393 626 4482 Quicunque
648 4395 827 4482 antiquitus
849 4397 1022 4462 commenti
1045 4405 1119 4463 sunt
1140 4397 1184 4462 de
1203 4419 1310 4463 rerum
1333 4396 1531 4482 primordiis,
1556 4395 1719 4480 duplicem
1741 4393 1875 4478 potissi·

282 4528 370 4596 mum
396 4506 440 4572 in'
456 4507 568 4594 prisea
595 4509 728 4593 generis
755 4507 887 4574 humani
911 4508 1097 4582 conditione
1114 4505 1305 4575 ‘definienda
1327 4509 1470 4576 inierant.
1492 4505 1670 4590 rationem,
1683 4526 1756 4591 vper
1778 4504 1874 4570 initia
1896 4577 1897 4580 Ἴ

283 4614 415 4704 quidem
438 4617 694 4702 dissociabilem,
714 4618 774 4686 sed
796 4619 829 4684 in
852 4619 925 4703 ipso
940 4617 1006 4686 fine
1025 4627 1062 4685 ut
1075 4619 1204 4687 videtur
1217 4639 1407 4708 congruam:
1432 4625 1488 4684 aut
1509 4618 1595 4686 enim
1616 4617 1714 4682 rudes
1735 4615 1875 4702 primum
1970 4621 1980 4638 '
2102 4605 2103 4612 ἵ

283 4727 436 4794 homines
464 4737 497 4792 ct
521 4729 648 4798 incuria
674 4729 817 4800 silvestri
844 4751 908 4796 non
935 4729 1069 4796 multum
1096 4753 1118 4796 a
1138 4729 1283 4797 feronem
1309 4730 1488 4818 asperitate
1511 4727 1688 4816 dissimiles
1715 4747 1874 4794 memora
